Order ID,Order Date,Customer ID,Product ID,Warehouse ID,Quantity,Shipping Method,Shipping Status,Delivery Date,Delivery Time,Unit Price,Revenue
O-00001,2/4/2025,C086,P015,W2,23,Air,Delivered,2/8/2025,4,14.32,329.36
O-00002,5/2/2025,C043,P006,W2,71,Ground,In Transit,,,77.45,5498.95
O-00003,2/28/2025,C056,P014,W1,1,Air,Pending,,,58.19,58.19
O-00004,4/12/2025,C060,P010,W1,89,Freight,Pending,,,103.29,9192.81
O-00005,4/25/2025,C043,P013,W2,74,Ground,Delivered,4/27/2025,2,14.14,1046.36
O-00006,2/11/2025,C056,P007,W3,100,Ground,Pending,,,129.92,12992
O-00007,3/29/2025,C010,P010,W2,77,Freight,Pending,,,47.34,3645.18
O-00008,6/3/2025,C046,P012,W2,53,Freight,In Transit,,,113.22,6000.66
O-00009,4/15/2025,C046,P015,W3,64,Air,In Transit,,,143.01,9152.64
O-00010,3/7/2025,C023,P010,W2,41,Ground,Delivered,3/11/2025,4,90.25,3700.25
O-00011,6/13/2025,C070,P006,W3,38,Freight,Pending,,,33.45,1271.1
O-00012,6/3/2025,C067,P007,W2,62,Ground,Pending,,,86.6,5369.2
O-00013,3/18/2025,C086,P009,W2,19,Air,Delivered,3/21/2025,3,140.22,2664.18
O-00014,4/17/2025,C057,P001,W2,8,Air,Delivered,4/19/2025,2,96.87,774.96
O-00015,6/19/2025,C081,P011,W2,69,Freight,Pending,,,84.11,5803.59
O-00016,6/22/2025,C003,P008,W3,21,Air,Pending,,,,0
O-00017,6/13/2025,C061,P007,W2,74,Freight,Pending,,,,0
O-00018,6/20/2025,C035,P015,W3,66,Ground,Delivered,6/27/2025,7,,0
O-00019,2/12/2025,C019,P002,W1,31,Air,Pending,,,,0
O-00020,5/28/2025,C074,P008,W3,88,Ground,Pending,,,,0
O-00021,6/17/2025,C049,P007,W2,25,Air,In Transit,,,,0
O-00022,6/24/2025,C006,P001,W3,93,Ground,Delivered,6/30/2025,6,,0
O-00023,3/31/2025,C079,P001,W2,45,Ground,Pending,,,,0
O-00024,4/4/2025,C069,P010,W1,79,Freight,In Transit,,,,0
O-00025,5/13/2025,C100,P015,W1,1,Freight,Delivered,5/16/2025,3,,0
O-00026,3/15/2025,C009,P013,W1,63,Air,Delivered,3/20/2025,5,,0
O-00027,4/3/2025,C049,P015,W1,64,Freight,Delivered,4/6/2025,3,,0
O-00028,3/25/2025,C037,P015,W1,88,Freight,In Transit,,,,0
O-00029,4/2/2025,C046,P012,W3,18,Ground,Delivered,4/7/2025,5,,0
O-00030,2/21/2025,C100,P003,W1,64,Freight,Delivered,2/23/2025,2,,0
O-00031,4/29/2025,C011,P010,W2,76,Ground,Pending,,,,0
O-00032,6/21/2025,C043,P012,W1,35,Air,In Transit,,,,0
O-00033,3/5/2025,C038,P008,W2,43,Ground,Delivered,3/8/2025,3,,0
O-00034,4/13/2025,C096,P013,W1,66,Freight,In Transit,,,,0
O-00035,6/12/2025,C028,P011,W2,49,Air,Pending,,,,0
O-00036,3/29/2025,C025,P001,W2,18,Freight,Delivered,4/1/2025,3,,0
O-00037,3/24/2025,C096,P008,W1,48,Ground,In Transit,,,,0
O-00038,4/30/2025,C054,P013,W1,7,Ground,Delivered,5/4/2025,4,,0
O-00039,1/19/2025,C026,P012,W3,100,Ground,Delivered,1/25/2025,6,,0
O-00040,2/14/2025,C044,P002,W2,65,Freight,Delivered,2/21/2025,7,,0
O-00041,5/27/2025,C053,P009,W1,58,Freight,Pending,,,,0
O-00042,5/30/2025,C042,P008,W2,43,Freight,Delivered,6/6/2025,7,,0
O-00043,2/10/2025,C022,P010,W2,61,Freight,In Transit,,,,0
O-00044,4/9/2025,C045,P006,W2,54,Ground,Delivered,4/11/2025,2,,0
O-00045,5/18/2025,C066,P003,W3,97,Air,In Transit,,,,0
O-00046,1/9/2025,C090,P009,W1,35,Air,In Transit,,,,0
O-00047,3/28/2025,C098,P014,W3,30,Ground,Delivered,4/4/2025,7,,0
O-00048,5/19/2025,C064,P008,W3,37,Ground,Pending,,,,0
O-00049,6/11/2025,C010,P007,W2,12,Ground,Pending,,,,0
O-00050,3/23/2025,C095,P005,W3,41,Air,Delivered,3/28/2025,5,,0
O-00051,4/11/2025,C045,P010,W2,37,Air,Pending,,,,0
O-00052,5/27/2025,C024,P015,W2,44,Freight,In Transit,,,,0
O-00053,6/13/2025,C040,P011,W1,24,Air,In Transit,,,,0
O-00054,3/28/2025,C037,P006,W1,82,Air,Pending,,,,0
O-00055,1/1/2025,C023,P008,W2,51,Air,Delivered,1/5/2025,4,,0
O-00056,3/5/2025,C084,P007,W3,57,Freight,In Transit,,,,0
O-00057,6/30/2025,C007,P012,W2,22,Air,Delivered,7/4/2025,4,,0
O-00058,2/23/2025,C060,P007,W1,67,Freight,Pending,,,,0
O-00059,2/20/2025,C073,P005,W1,51,Air,In Transit,,,,0
O-00060,4/2/2025,C023,P013,W3,13,Ground,In Transit,,,,0
O-00061,2/21/2025,C084,P012,W1,73,Freight,Delivered,2/23/2025,2,,0
O-00062,1/25/2025,C028,P012,W3,75,Freight,In Transit,,,,0
O-00063,4/16/2025,C093,P006,W3,100,Ground,Pending,,,,0
O-00064,6/6/2025,C029,P006,W1,96,Air,In Transit,,,,0
O-00065,4/22/2025,C007,P008,W3,100,Air,Pending,,,,0
O-00066,5/23/2025,C006,P008,W3,71,Ground,In Transit,,,,0
O-00067,2/27/2025,C066,P005,W1,56,Freight,Pending,,,,0
O-00068,1/28/2025,C015,P014,W3,93,Air,Pending,,,,0
O-00069,5/18/2025,C063,P003,W1,46,Freight,Pending,,,,0
O-00070,4/3/2025,C019,P005,W1,45,Ground,Pending,,,,0
O-00071,1/6/2025,C033,P013,W1,35,Freight,Pending,,,,0
O-00072,4/14/2025,C024,P011,W2,62,Ground,In Transit,,,,0
O-00073,1/8/2025,C048,P015,W3,68,Freight,Delivered,1/10/2025,2,,0
O-00074,2/3/2025,C094,P006,W2,65,Ground,In Transit,,,,0
O-00075,2/10/2025,C030,P002,W2,85,Air,Pending,,,,0
O-00076,3/29/2025,C041,P002,W1,73,Ground,In Transit,,,,0
O-00077,4/21/2025,C049,P010,W2,76,Ground,Pending,,,,0
O-00078,6/19/2025,C001,P009,W1,16,Freight,In Transit,,,,0
O-00079,6/21/2025,C100,P003,W2,64,Freight,Delivered,6/26/2025,5,,0
O-00080,3/30/2025,C072,P006,W3,22,Freight,Pending,,,,0
O-00081,5/11/2025,C090,P015,W1,34,Ground,Pending,,,,0
O-00082,2/26/2025,C083,P012,W1,100,Freight,Pending,,,,0
O-00083,3/2/2025,C096,P013,W1,49,Air,Pending,,,,0
O-00084,4/5/2025,C011,P004,W2,38,Freight,In Transit,,,,0
O-00085,3/5/2025,C046,P009,W3,15,Freight,Delivered,3/10/2025,5,,0
O-00086,6/12/2025,C082,P011,W2,32,Ground,Pending,,,,0
O-00087,5/4/2025,C005,P007,W2,8,Air,Delivered,5/10/2025,6,,0
O-00088,1/26/2025,C078,P001,W1,66,Freight,Pending,,,,0
O-00089,6/18/2025,C059,P008,W1,51,Freight,Pending,,,,0
O-00090,5/22/2025,C029,P015,W1,76,Air,Pending,,,,0
O-00091,1/26/2025,C076,P011,W1,23,Freight,In Transit,,,,0
O-00092,6/19/2025,C004,P003,W3,96,Freight,Delivered,6/22/2025,3,,0
O-00093,4/22/2025,C091,P010,W3,64,Freight,Pending,,,,0
O-00094,3/2/2025,C089,P011,W1,81,Ground,Delivered,3/4/2025,2,,0
O-00095,1/29/2025,C083,P001,W2,4,Freight,Delivered,2/3/2025,5,,0
O-00096,4/17/2025,C067,P011,W3,44,Freight,In Transit,,,,0
O-00097,6/15/2025,C097,P004,W3,22,Freight,Delivered,6/22/2025,7,,0
O-00098,6/12/2025,C023,P005,W3,29,Ground,In Transit,,,,0
O-00099,1/13/2025,C085,P002,W1,48,Freight,Delivered,1/18/2025,5,,0
O-00100,1/22/2025,C100,P012,W2,55,Freight,In Transit,,,,0
O-00101,4/30/2025,C008,P009,W2,48,Ground,Pending,,,,0
O-00102,2/24/2025,C016,P012,W2,56,Ground,Delivered,2/27/2025,3,,0
O-00103,5/6/2025,C049,P002,W3,86,Ground,In Transit,,,,0
O-00104,1/13/2025,C026,P012,W1,29,Ground,Pending,,,,0
O-00105,1/16/2025,C054,P006,W2,43,Freight,Pending,,,,0
O-00106,5/7/2025,C084,P008,W2,44,Freight,Delivered,5/9/2025,2,,0
O-00107,3/17/2025,C062,P009,W3,83,Freight,In Transit,,,,0
O-00108,3/9/2025,C070,P006,W1,9,Ground,Pending,,,,0
O-00109,3/30/2025,C011,P002,W3,53,Freight,In Transit,,,,0
O-00110,3/19/2025,C062,P008,W3,82,Ground,Pending,,,,0
O-00111,4/24/2025,C071,P012,W3,3,Air,Pending,,,,0
O-00112,4/8/2025,C003,P015,W3,87,Freight,Pending,,,,0
O-00113,3/19/2025,C094,P001,W3,87,Air,Delivered,3/23/2025,4,,0
O-00114,5/8/2025,C087,P002,W1,82,Air,Pending,,,,0
O-00115,1/16/2025,C032,P005,W1,38,Ground,Delivered,1/22/2025,6,,0
O-00116,4/13/2025,C025,P002,W2,43,Air,Pending,,,,0
O-00117,3/13/2025,C085,P003,W3,20,Ground,Delivered,3/17/2025,4,,0
O-00118,2/2/2025,C063,P015,W3,83,Freight,In Transit,,,,0
O-00119,2/16/2025,C079,P004,W3,41,Freight,In Transit,,,,0
O-00120,4/4/2025,C095,P015,W2,43,Freight,In Transit,,,,0
O-00121,1/17/2025,C056,P009,W3,55,Ground,Pending,,,,0
O-00122,6/26/2025,C036,P013,W2,86,Freight,In Transit,,,,0
O-00123,5/11/2025,C028,P010,W2,74,Air,In Transit,,,,0
O-00124,1/4/2025,C010,P007,W2,17,Freight,Pending,,,,0
O-00125,2/7/2025,C018,P009,W2,71,Freight,In Transit,,,,0
O-00126,4/26/2025,C075,P004,W3,50,Air,Delivered,5/1/2025,5,,0
O-00127,3/4/2025,C046,P008,W1,53,Freight,Pending,,,,0
O-00128,6/24/2025,C095,P007,W2,32,Freight,Pending,,,,0
O-00129,6/25/2025,C003,P008,W2,50,Air,Pending,,,,0
O-00130,4/9/2025,C099,P004,W3,67,Freight,Delivered,4/11/2025,2,,0
O-00131,1/7/2025,C007,P009,W2,12,Ground,In Transit,,,,0
O-00132,2/14/2025,C029,P003,W2,49,Air,In Transit,,,,0
O-00133,1/12/2025,C056,P001,W2,24,Freight,Delivered,1/16/2025,4,,0
O-00134,5/17/2025,C078,P001,W2,12,Freight,In Transit,,,,0
O-00135,5/15/2025,C019,P001,W3,97,Ground,Pending,,,,0
O-00136,3/1/2025,C100,P006,W3,12,Ground,Delivered,3/4/2025,3,,0
O-00137,6/30/2025,C065,P005,W3,98,Air,In Transit,,,,0
O-00138,1/6/2025,C094,P014,W2,48,Air,Pending,,,,0
O-00139,2/3/2025,C047,P015,W1,60,Air,In Transit,,,,0
O-00140,2/7/2025,C037,P003,W1,31,Ground,In Transit,,,,0
O-00141,4/6/2025,C093,P010,W1,45,Ground,Pending,,,,0
O-00142,4/24/2025,C078,P001,W3,29,Ground,In Transit,,,,0
O-00143,4/17/2025,C041,P001,W2,45,Freight,Delivered,4/20/2025,3,,0
O-00144,5/5/2025,C092,P008,W3,9,Freight,Pending,,,,0
O-00145,4/30/2025,C010,P005,W1,41,Ground,In Transit,,,,0
O-00146,6/18/2025,C049,P011,W2,20,Freight,In Transit,,,,0
O-00147,2/4/2025,C089,P013,W3,34,Freight,Pending,,,,0
O-00148,5/15/2025,C046,P010,W2,43,Freight,Delivered,5/21/2025,6,,0
O-00149,5/16/2025,C013,P005,W2,39,Air,Delivered,5/20/2025,4,,0
O-00150,5/12/2025,C050,P003,W1,5,Air,In Transit,,,,0
O-00151,3/25/2025,C068,P003,W3,44,Ground,Delivered,3/29/2025,4,,0
O-00152,4/30/2025,C007,P010,W3,49,Freight,Delivered,5/4/2025,4,,0
O-00153,1/29/2025,C085,P011,W2,56,Freight,Delivered,2/1/2025,3,,0
O-00154,2/7/2025,C051,P008,W1,59,Ground,Delivered,2/9/2025,2,,0
O-00155,6/4/2025,C001,P011,W3,56,Air,In Transit,,,,0
O-00156,6/1/2025,C100,P011,W2,83,Freight,Delivered,6/3/2025,2,,0
O-00157,5/27/2025,C001,P010,W2,28,Freight,In Transit,,,,0
O-00158,5/17/2025,C034,P009,W2,99,Ground,Delivered,5/23/2025,6,,0
O-00159,6/23/2025,C052,P002,W2,69,Ground,Delivered,6/26/2025,3,,0
O-00160,3/4/2025,C027,P013,W1,97,Ground,Pending,,,,0
O-00161,6/21/2025,C057,P012,W2,3,Freight,Delivered,6/24/2025,3,,0
O-00162,5/17/2025,C032,P006,W3,75,Ground,Pending,,,,0
O-00163,2/28/2025,C098,P001,W2,82,Freight,Pending,,,,0
O-00164,4/24/2025,C056,P009,W1,92,Ground,In Transit,,,,0
O-00165,6/25/2025,C019,P009,W3,17,Freight,Pending,,,,0
O-00166,4/4/2025,C002,P010,W2,58,Freight,Delivered,4/11/2025,7,,0
O-00167,1/20/2025,C093,P009,W2,86,Air,In Transit,,,,0
O-00168,6/11/2025,C055,P008,W1,97,Ground,Pending,,,,0
O-00169,1/25/2025,C077,P002,W1,86,Ground,Delivered,1/30/2025,5,,0
O-00170,1/23/2025,C038,P006,W2,52,Air,Pending,,,,0
O-00171,2/13/2025,C084,P007,W2,7,Freight,Pending,,,,0
O-00172,5/14/2025,C069,P011,W3,71,Freight,In Transit,,,,0
O-00173,2/10/2025,C052,P012,W2,61,Freight,Delivered,2/15/2025,5,,0
O-00174,6/12/2025,C081,P013,W3,57,Freight,In Transit,,,,0
O-00175,1/3/2025,C023,P006,W2,7,Air,In Transit,,,,0
O-00176,2/7/2025,C063,P006,W2,83,Ground,Pending,,,,0
O-00177,4/13/2025,C031,P011,W1,7,Freight,In Transit,,,,0
O-00178,3/23/2025,C013,P011,W1,4,Ground,In Transit,,,,0
O-00179,3/6/2025,C075,P003,W1,87,Air,In Transit,,,,0
O-00180,1/9/2025,C060,P002,W1,26,Freight,In Transit,,,,0
O-00181,5/9/2025,C086,P011,W3,53,Air,Pending,,,,0
O-00182,5/1/2025,C005,P008,W3,23,Ground,Pending,,,,0
O-00183,6/5/2025,C076,P004,W3,68,Air,Pending,,,,0
O-00184,4/30/2025,C019,P007,W3,39,Freight,In Transit,,,,0
O-00185,5/26/2025,C017,P007,W1,58,Ground,Pending,,,,0
O-00186,6/15/2025,C040,P002,W2,41,Air,Delivered,6/17/2025,2,,0
O-00187,5/18/2025,C056,P001,W2,18,Ground,In Transit,,,,0
O-00188,2/4/2025,C059,P002,W2,48,Air,Delivered,2/10/2025,6,,0
O-00189,4/2/2025,C050,P003,W3,50,Freight,In Transit,,,,0
O-00190,2/11/2025,C041,P010,W1,90,Ground,In Transit,,,,0
O-00191,3/24/2025,C011,P010,W3,30,Air,In Transit,,,,0
O-00192,4/8/2025,C023,P012,W3,33,Air,Pending,,,,0
O-00193,5/24/2025,C039,P005,W3,35,Freight,In Transit,,,,0
O-00194,2/9/2025,C019,P010,W1,68,Ground,Delivered,2/16/2025,7,,0
O-00195,6/27/2025,C053,P005,W2,13,Freight,Delivered,6/29/2025,2,,0
O-00196,6/9/2025,C035,P008,W2,72,Freight,Delivered,6/15/2025,6,,0
O-00197,6/19/2025,C001,P011,W3,17,Freight,Delivered,6/23/2025,4,,0
O-00198,3/16/2025,C074,P002,W1,40,Air,Delivered,3/18/2025,2,,0
O-00199,2/8/2025,C048,P008,W3,13,Freight,Pending,,,,0
O-00200,1/2/2025,C096,P013,W1,14,Air,Delivered,1/7/2025,5,,0
O-00201,5/27/2025,C042,P002,W3,100,Freight,In Transit,,,,0
O-00202,3/17/2025,C002,P008,W3,18,Ground,In Transit,,,,0
O-00203,5/30/2025,C071,P004,W3,61,Freight,In Transit,,,,0
O-00204,5/7/2025,C074,P005,W3,73,Freight,In Transit,,,,0
O-00205,5/12/2025,C035,P001,W2,33,Freight,In Transit,,,,0
O-00206,2/2/2025,C058,P006,W3,48,Air,Delivered,2/7/2025,5,,0
O-00207,1/11/2025,C041,P008,W2,70,Ground,Delivered,1/17/2025,6,,0
O-00208,3/18/2025,C076,P013,W3,32,Freight,Pending,,,,0
O-00209,2/16/2025,C006,P011,W1,70,Ground,Delivered,2/22/2025,6,,0
O-00210,6/4/2025,C081,P005,W3,67,Ground,Pending,,,,0
O-00211,2/4/2025,C097,P013,W2,91,Air,In Transit,,,,0
O-00212,6/28/2025,C081,P015,W1,67,Air,Pending,,,,0
O-00213,1/18/2025,C075,P008,W3,22,Freight,Pending,,,,0
O-00214,5/9/2025,C057,P012,W2,55,Air,Pending,,,,0
O-00215,3/9/2025,C034,P006,W1,89,Air,In Transit,,,,0
O-00216,3/14/2025,C089,P013,W1,22,Ground,Delivered,3/16/2025,2,,0
O-00217,3/3/2025,C042,P010,W1,67,Air,In Transit,,,,0
O-00218,1/18/2025,C075,P013,W3,19,Ground,Delivered,1/20/2025,2,,0
O-00219,6/12/2025,C040,P013,W2,5,Air,In Transit,,,,0
O-00220,4/14/2025,C031,P005,W2,54,Air,Pending,,,,0
O-00221,4/28/2025,C083,P007,W3,61,Freight,Delivered,5/5/2025,7,,0
O-00222,6/1/2025,C075,P002,W1,45,Freight,In Transit,,,,0
O-00223,1/13/2025,C053,P012,W2,78,Ground,Delivered,1/20/2025,7,,0
O-00224,1/14/2025,C016,P009,W1,71,Ground,In Transit,,,,0
O-00225,6/9/2025,C059,P015,W2,71,Freight,In Transit,,,,0
O-00226,2/14/2025,C058,P013,W2,62,Freight,Delivered,2/21/2025,7,,0
O-00227,1/5/2025,C016,P013,W3,34,Air,Pending,,,,0
O-00228,3/16/2025,C078,P011,W1,96,Ground,Pending,,,,0
O-00229,6/5/2025,C035,P009,W3,17,Freight,Pending,,,,0
O-00230,3/6/2025,C084,P001,W2,49,Ground,Pending,,,,0
O-00231,3/31/2025,C046,P008,W1,48,Air,In Transit,,,,0
O-00232,1/29/2025,C019,P011,W1,54,Freight,In Transit,,,,0
O-00233,2/23/2025,C042,P010,W2,65,Freight,Pending,,,,0
O-00234,5/6/2025,C071,P011,W3,42,Freight,Delivered,5/12/2025,6,,0
O-00235,5/26/2025,C040,P010,W2,26,Air,Delivered,6/2/2025,7,,0
O-00236,2/9/2025,C065,P014,W3,62,Air,Pending,,,,0
O-00237,2/25/2025,C097,P002,W2,67,Ground,Delivered,3/2/2025,5,,0
O-00238,5/11/2025,C023,P002,W1,87,Air,In Transit,,,,0
O-00239,6/30/2025,C065,P012,W1,59,Freight,Delivered,7/6/2025,6,,0
O-00240,2/11/2025,C067,P010,W3,94,Ground,In Transit,,,,0
O-00241,5/20/2025,C003,P010,W1,38,Air,In Transit,,,,0
O-00242,1/31/2025,C071,P013,W1,55,Freight,Delivered,2/3/2025,3,,0
O-00243,4/26/2025,C047,P004,W2,51,Ground,Pending,,,,0
O-00244,4/23/2025,C016,P003,W1,75,Freight,In Transit,,,,0
O-00245,4/5/2025,C063,P006,W2,14,Air,In Transit,,,,0
O-00246,1/12/2025,C065,P015,W3,29,Ground,Delivered,1/17/2025,5,,0
O-00247,1/5/2025,C036,P013,W1,49,Freight,Delivered,1/12/2025,7,,0
O-00248,1/10/2025,C035,P003,W1,78,Freight,Delivered,1/16/2025,6,,0
O-00249,6/22/2025,C032,P004,W1,62,Ground,In Transit,,,,0
O-00250,5/16/2025,C059,P013,W2,62,Air,Pending,,,,0
O-00251,6/11/2025,C082,P005,W3,97,Air,Delivered,6/18/2025,7,,0
O-00252,1/24/2025,C059,P006,W2,70,Ground,Delivered,1/27/2025,3,,0
O-00253,2/15/2025,C020,P011,W3,94,Air,Delivered,2/20/2025,5,,0
O-00254,6/23/2025,C082,P013,W1,41,Freight,Pending,,,,0
O-00255,1/16/2025,C019,P007,W2,35,Freight,In Transit,,,,0
O-00256,3/31/2025,C036,P005,W2,63,Ground,Pending,,,,0
O-00257,5/6/2025,C066,P014,W2,33,Ground,In Transit,,,,0
O-00258,3/18/2025,C050,P001,W1,9,Air,Delivered,3/22/2025,4,,0
O-00259,1/30/2025,C014,P003,W3,33,Ground,In Transit,,,,0
O-00260,2/2/2025,C019,P001,W1,21,Air,Delivered,2/7/2025,5,,0
O-00261,2/25/2025,C005,P015,W3,51,Ground,Delivered,3/1/2025,4,,0
O-00262,1/20/2025,C086,P003,W1,48,Air,Pending,,,,0
O-00263,5/2/2025,C082,P001,W1,15,Ground,Delivered,5/6/2025,4,,0
O-00264,5/26/2025,C091,P007,W2,53,Freight,Delivered,5/28/2025,2,,0
O-00265,4/28/2025,C069,P001,W3,40,Freight,Delivered,5/2/2025,4,,0
O-00266,6/14/2025,C031,P006,W3,92,Freight,Delivered,6/21/2025,7,,0
O-00267,5/4/2025,C090,P006,W3,4,Ground,Pending,,,,0
O-00268,5/14/2025,C019,P013,W2,6,Freight,In Transit,,,,0
O-00269,2/23/2025,C032,P013,W1,62,Air,Delivered,2/28/2025,5,,0
O-00270,4/10/2025,C063,P006,W2,94,Air,In Transit,,,,0
O-00271,6/30/2025,C098,P001,W1,84,Air,In Transit,,,,0
O-00272,1/28/2025,C080,P002,W3,100,Air,Delivered,2/1/2025,4,,0
O-00273,4/22/2025,C046,P008,W3,36,Freight,Delivered,4/25/2025,3,,0
O-00274,1/18/2025,C100,P004,W2,1,Ground,Delivered,1/23/2025,5,,0
O-00275,6/29/2025,C051,P015,W1,88,Ground,Pending,,,,0
O-00276,6/16/2025,C088,P007,W2,62,Freight,Pending,,,,0
O-00277,4/23/2025,C054,P013,W2,47,Air,In Transit,,,,0
O-00278,1/5/2025,C061,P003,W3,50,Air,Delivered,1/11/2025,6,,0
O-00279,2/22/2025,C078,P002,W3,72,Ground,In Transit,,,,0
O-00280,1/29/2025,C002,P013,W1,98,Air,Pending,,,,0
O-00281,3/19/2025,C085,P004,W2,39,Ground,Delivered,3/24/2025,5,,0
O-00282,3/12/2025,C058,P008,W1,49,Ground,Delivered,3/19/2025,7,,0
O-00283,6/5/2025,C036,P010,W1,1,Freight,Pending,,,,0
O-00284,4/27/2025,C022,P013,W1,8,Freight,In Transit,,,,0
O-00285,1/9/2025,C084,P002,W1,29,Air,Pending,,,,0
O-00286,3/13/2025,C067,P005,W1,56,Air,Delivered,3/20/2025,7,,0
O-00287,4/2/2025,C096,P002,W2,61,Air,Delivered,4/7/2025,5,,0
O-00288,3/2/2025,C093,P007,W3,76,Ground,In Transit,,,,0
O-00289,3/16/2025,C035,P015,W2,65,Freight,In Transit,,,,0
O-00290,3/16/2025,C001,P006,W3,66,Air,In Transit,,,,0
O-00291,2/1/2025,C091,P010,W2,62,Air,Delivered,2/3/2025,2,,0
O-00292,3/24/2025,C009,P006,W3,4,Air,Delivered,3/27/2025,3,,0
O-00293,3/28/2025,C016,P003,W2,32,Freight,Delivered,4/3/2025,6,,0
O-00294,4/20/2025,C033,P005,W1,58,Ground,Pending,,,,0
O-00295,3/14/2025,C062,P011,W2,85,Ground,In Transit,,,,0
O-00296,1/26/2025,C087,P010,W2,20,Freight,Delivered,1/28/2025,2,,0
O-00297,4/26/2025,C087,P003,W3,21,Ground,Pending,,,,0
O-00298,6/6/2025,C060,P001,W1,77,Freight,Pending,,,,0
O-00299,3/8/2025,C039,P010,W3,69,Ground,Delivered,3/11/2025,3,,0
O-00300,4/11/2025,C006,P014,W2,85,Air,Pending,,,,0
O-00301,2/19/2025,C088,P014,W2,79,Air,Delivered,2/25/2025,6,,0
O-00302,5/3/2025,C032,P002,W2,80,Air,Pending,,,,0
O-00303,2/3/2025,C034,P001,W3,24,Freight,In Transit,,,,0
O-00304,6/17/2025,C016,P012,W1,10,Ground,Delivered,6/22/2025,5,,0
O-00305,1/14/2025,C024,P013,W2,63,Ground,Delivered,1/18/2025,4,,0
O-00306,3/16/2025,C099,P014,W3,96,Ground,Pending,,,,0
O-00307,5/18/2025,C095,P005,W3,87,Air,Pending,,,,0
O-00308,4/16/2025,C042,P003,W3,17,Freight,In Transit,,,,0
O-00309,3/27/2025,C061,P013,W1,98,Ground,In Transit,,,,0
O-00310,4/28/2025,C063,P011,W2,99,Freight,Pending,,,,0
O-00311,4/23/2025,C051,P010,W1,80,Freight,In Transit,,,,0
O-00312,1/9/2025,C002,P013,W3,85,Ground,Delivered,1/11/2025,2,,0
O-00313,5/17/2025,C009,P005,W3,59,Air,Pending,,,,0
O-00314,5/25/2025,C064,P001,W1,65,Ground,In Transit,,,,0
O-00315,5/13/2025,C041,P007,W2,7,Ground,Pending,,,,0
O-00316,1/29/2025,C099,P006,W2,68,Air,Pending,,,,0
O-00317,4/8/2025,C052,P002,W2,31,Freight,In Transit,,,,0
O-00318,6/21/2025,C098,P007,W3,59,Freight,In Transit,,,,0
O-00319,1/25/2025,C043,P012,W2,83,Air,Delivered,1/28/2025,3,,0
O-00320,4/24/2025,C036,P001,W2,28,Freight,Pending,,,,0
O-00321,2/10/2025,C001,P010,W2,40,Ground,Pending,,,,0
O-00322,3/20/2025,C004,P003,W2,54,Ground,In Transit,,,,0
O-00323,6/22/2025,C062,P001,W3,32,Freight,In Transit,,,,0
O-00324,6/25/2025,C055,P006,W1,22,Ground,Delivered,6/29/2025,4,,0
O-00325,3/2/2025,C038,P007,W1,33,Ground,Pending,,,,0
O-00326,1/27/2025,C095,P004,W3,25,Air,In Transit,,,,0
O-00327,2/21/2025,C002,P006,W3,86,Freight,Pending,,,,0
O-00328,3/5/2025,C018,P001,W1,81,Air,In Transit,,,,0
O-00329,5/20/2025,C057,P008,W2,71,Freight,Pending,,,,0
O-00330,2/21/2025,C025,P009,W3,71,Air,In Transit,,,,0
O-00331,5/20/2025,C043,P009,W2,40,Freight,Delivered,5/25/2025,5,,0
O-00332,3/19/2025,C044,P012,W1,52,Freight,Delivered,3/23/2025,4,,0
O-00333,3/26/2025,C011,P008,W1,54,Air,In Transit,,,,0
O-00334,5/6/2025,C089,P015,W2,42,Ground,Delivered,5/12/2025,6,,0
O-00335,1/26/2025,C007,P015,W1,15,Freight,Pending,,,,0
O-00336,4/2/2025,C007,P002,W3,46,Freight,Delivered,4/8/2025,6,,0
O-00337,4/19/2025,C088,P014,W2,8,Ground,Pending,,,,0
O-00338,3/13/2025,C026,P006,W2,74,Ground,In Transit,,,,0
O-00339,2/22/2025,C084,P015,W1,57,Air,Pending,,,,0
O-00340,2/14/2025,C023,P009,W3,93,Ground,In Transit,,,,0
O-00341,2/19/2025,C062,P012,W1,80,Air,Delivered,2/23/2025,4,,0
O-00342,6/20/2025,C036,P010,W1,81,Air,Pending,,,,0
O-00343,5/31/2025,C010,P011,W2,36,Freight,Pending,,,,0
O-00344,5/31/2025,C080,P011,W1,12,Ground,Delivered,6/3/2025,3,,0
O-00345,3/29/2025,C047,P013,W3,2,Freight,Pending,,,,0
O-00346,4/19/2025,C016,P014,W1,10,Freight,In Transit,,,,0
O-00347,2/7/2025,C035,P008,W3,63,Ground,In Transit,,,,0
O-00348,2/4/2025,C041,P015,W1,93,Air,Pending,,,,0
O-00349,4/1/2025,C053,P009,W1,51,Air,Pending,,,,0
O-00350,6/18/2025,C097,P004,W2,32,Freight,Pending,,,,0
O-00351,4/11/2025,C050,P003,W1,20,Air,Delivered,4/15/2025,4,,0
O-00352,6/20/2025,C023,P001,W2,10,Ground,Delivered,6/27/2025,7,,0
O-00353,1/1/2025,C060,P008,W2,44,Air,Pending,,,,0
O-00354,2/2/2025,C011,P006,W1,59,Air,Delivered,2/7/2025,5,,0
O-00355,2/23/2025,C034,P011,W3,9,Freight,Delivered,3/1/2025,6,,0
O-00356,4/24/2025,C083,P001,W3,84,Ground,Pending,,,,0
O-00357,2/19/2025,C008,P015,W2,1,Ground,Delivered,2/24/2025,5,,0
O-00358,5/18/2025,C054,P010,W2,100,Freight,In Transit,,,,0
O-00359,1/19/2025,C006,P014,W1,87,Freight,Delivered,1/26/2025,7,,0
O-00360,4/27/2025,C037,P007,W3,8,Air,In Transit,,,,0
O-00361,5/24/2025,C073,P007,W3,62,Freight,Delivered,5/29/2025,5,,0
O-00362,1/14/2025,C020,P014,W3,87,Air,Pending,,,,0
O-00363,3/3/2025,C081,P004,W1,13,Ground,Pending,,,,0
O-00364,5/4/2025,C042,P001,W1,4,Freight,Pending,,,,0
O-00365,2/9/2025,C060,P014,W1,25,Ground,Delivered,2/13/2025,4,,0
O-00366,2/8/2025,C030,P005,W3,73,Freight,Delivered,2/12/2025,4,,0
O-00367,6/13/2025,C078,P011,W3,35,Freight,Pending,,,,0
O-00368,5/25/2025,C095,P015,W1,13,Air,Delivered,5/28/2025,3,,0
O-00369,5/31/2025,C030,P009,W1,1,Ground,In Transit,,,,0
O-00370,1/22/2025,C011,P011,W3,11,Freight,Pending,,,,0
O-00371,2/7/2025,C059,P003,W3,60,Ground,Pending,,,,0
O-00372,3/30/2025,C004,P006,W2,98,Air,Pending,,,,0
O-00373,2/8/2025,C093,P013,W3,4,Freight,Delivered,2/13/2025,5,,0
O-00374,2/18/2025,C083,P002,W1,10,Ground,Delivered,2/25/2025,7,,0
O-00375,2/23/2025,C061,P002,W1,25,Ground,Pending,,,,0
O-00376,2/12/2025,C015,P004,W1,4,Ground,Delivered,2/16/2025,4,,0
O-00377,1/29/2025,C006,P008,W3,15,Air,Pending,,,,0
O-00378,4/24/2025,C096,P013,W1,79,Air,Pending,,,,0
O-00379,2/11/2025,C023,P015,W3,48,Ground,Pending,,,,0
O-00380,5/13/2025,C062,P001,W3,14,Ground,Delivered,5/18/2025,5,,0
O-00381,3/1/2025,C036,P003,W2,22,Air,Pending,,,,0
O-00382,6/29/2025,C100,P015,W1,95,Air,Pending,,,,0
O-00383,4/4/2025,C081,P010,W2,11,Air,Pending,,,,0
O-00384,3/21/2025,C067,P007,W2,34,Air,Pending,,,,0
O-00385,1/31/2025,C059,P014,W2,72,Freight,Pending,,,,0
O-00386,4/14/2025,C001,P008,W2,71,Ground,Pending,,,,0
O-00387,3/28/2025,C050,P009,W3,41,Air,In Transit,,,,0
O-00388,5/14/2025,C045,P013,W2,97,Air,Pending,,,,0
O-00389,2/19/2025,C055,P002,W1,33,Ground,Delivered,2/26/2025,7,,0
O-00390,6/7/2025,C056,P011,W2,66,Air,Delivered,6/11/2025,4,,0
O-00391,6/17/2025,C004,P010,W3,7,Freight,Delivered,6/21/2025,4,,0
O-00392,6/13/2025,C019,P014,W2,62,Air,In Transit,,,,0
O-00393,5/3/2025,C008,P006,W2,24,Air,In Transit,,,,0
O-00394,4/2/2025,C052,P013,W2,78,Ground,Pending,,,,0
O-00395,2/23/2025,C046,P002,W3,53,Air,Delivered,3/2/2025,7,,0
O-00396,3/6/2025,C025,P005,W2,25,Ground,Delivered,3/8/2025,2,,0
O-00397,6/25/2025,C047,P013,W1,49,Air,In Transit,,,,0
O-00398,2/8/2025,C004,P012,W3,58,Ground,Delivered,2/15/2025,7,,0
O-00399,1/16/2025,C051,P001,W1,39,Ground,Pending,,,,0
O-00400,1/13/2025,C059,P012,W2,65,Freight,Delivered,1/20/2025,7,,0
O-00401,3/22/2025,C088,P003,W1,72,Air,In Transit,,,,0
O-00402,6/6/2025,C028,P006,W3,35,Ground,Delivered,6/9/2025,3,,0
O-00403,2/21/2025,C080,P015,W2,23,Air,In Transit,,,,0
O-00404,4/23/2025,C035,P005,W2,76,Freight,In Transit,,,,0
O-00405,1/30/2025,C015,P006,W2,25,Freight,Pending,,,,0
O-00406,3/12/2025,C079,P001,W2,57,Freight,Pending,,,,0
O-00407,5/6/2025,C004,P011,W1,34,Freight,Delivered,5/12/2025,6,,0
O-00408,2/24/2025,C056,P004,W3,58,Ground,Pending,,,,0
O-00409,5/7/2025,C029,P009,W3,73,Ground,Delivered,5/11/2025,4,,0
O-00410,2/4/2025,C084,P005,W3,57,Ground,In Transit,,,,0
O-00411,3/22/2025,C018,P006,W3,99,Freight,In Transit,,,,0
O-00412,4/2/2025,C100,P008,W2,62,Ground,Delivered,4/7/2025,5,,0
O-00413,6/20/2025,C050,P012,W1,7,Freight,In Transit,,,,0
O-00414,3/5/2025,C022,P010,W2,21,Freight,In Transit,,,,0
O-00415,3/23/2025,C012,P011,W2,100,Air,Pending,,,,0
O-00416,5/31/2025,C017,P006,W2,84,Air,Delivered,6/2/2025,2,,0
O-00417,1/18/2025,C054,P013,W3,70,Air,In Transit,,,,0
O-00418,3/3/2025,C026,P015,W1,88,Air,Pending,,,,0
O-00419,3/17/2025,C002,P011,W1,30,Freight,Delivered,3/23/2025,6,,0
O-00420,4/26/2025,C024,P014,W2,22,Ground,Delivered,4/28/2025,2,,0
O-00421,3/6/2025,C063,P013,W1,23,Air,In Transit,,,,0
O-00422,2/9/2025,C049,P001,W3,38,Freight,In Transit,,,,0
O-00423,1/20/2025,C040,P011,W1,31,Air,Pending,,,,0
O-00424,5/11/2025,C049,P008,W3,94,Ground,In Transit,,,,0
O-00425,1/22/2025,C005,P007,W3,31,Freight,Delivered,1/25/2025,3,,0
O-00426,4/7/2025,C073,P011,W3,15,Ground,In Transit,,,,0
O-00427,1/22/2025,C032,P011,W1,41,Freight,Delivered,1/25/2025,3,,0
O-00428,2/9/2025,C086,P015,W3,86,Freight,In Transit,,,,0
O-00429,6/4/2025,C092,P006,W1,42,Ground,Pending,,,,0
O-00430,4/7/2025,C068,P006,W3,61,Freight,Delivered,4/9/2025,2,,0
O-00431,5/29/2025,C084,P002,W2,98,Air,In Transit,,,,0
O-00432,1/16/2025,C053,P009,W1,18,Ground,Delivered,1/22/2025,6,,0
O-00433,1/23/2025,C009,P005,W3,22,Ground,Pending,,,,0
O-00434,2/10/2025,C002,P008,W2,76,Freight,In Transit,,,,0
O-00435,3/12/2025,C066,P004,W3,37,Air,Delivered,3/18/2025,6,,0
O-00436,4/11/2025,C050,P014,W2,8,Air,Pending,,,,0
O-00437,5/27/2025,C002,P008,W3,15,Ground,In Transit,,,,0
O-00438,1/26/2025,C024,P003,W1,66,Air,Delivered,2/1/2025,6,,0
O-00439,5/13/2025,C075,P012,W3,66,Ground,Delivered,5/16/2025,3,,0
O-00440,4/28/2025,C030,P004,W1,1,Freight,Pending,,,,0
O-00441,3/13/2025,C001,P010,W1,54,Freight,Pending,,,,0
O-00442,1/18/2025,C080,P002,W3,52,Ground,Pending,,,,0
O-00443,3/24/2025,C021,P009,W1,72,Air,Pending,,,,0
O-00444,1/2/2025,C016,P005,W2,5,Air,Pending,,,,0
O-00445,6/22/2025,C082,P006,W3,22,Freight,In Transit,,,,0
O-00446,4/22/2025,C071,P010,W1,66,Freight,Delivered,4/28/2025,6,,0
O-00447,5/18/2025,C039,P008,W2,49,Ground,In Transit,,,,0
O-00448,3/29/2025,C010,P010,W1,25,Air,In Transit,,,,0
O-00449,5/19/2025,C059,P002,W3,1,Ground,In Transit,,,,0
O-00450,1/18/2025,C048,P005,W2,42,Ground,Pending,,,,0
O-00451,5/9/2025,C003,P006,W3,30,Freight,In Transit,,,,0
O-00452,4/12/2025,C052,P011,W1,85,Ground,In Transit,,,,0
O-00453,1/23/2025,C050,P005,W3,29,Air,Delivered,1/25/2025,2,,0
O-00454,2/21/2025,C098,P009,W2,58,Freight,Delivered,2/23/2025,2,,0
O-00455,3/2/2025,C030,P001,W1,35,Air,In Transit,,,,0
O-00456,1/1/2025,C030,P005,W3,97,Ground,Pending,,,,0
O-00457,6/15/2025,C002,P008,W1,77,Ground,Delivered,6/19/2025,4,,0
O-00458,4/12/2025,C089,P013,W2,46,Ground,In Transit,,,,0
O-00459,1/15/2025,C006,P003,W3,26,Air,In Transit,,,,0
O-00460,3/11/2025,C015,P006,W3,10,Air,In Transit,,,,0
O-00461,3/4/2025,C014,P003,W1,63,Ground,In Transit,,,,0
O-00462,4/16/2025,C062,P010,W2,16,Freight,Pending,,,,0
O-00463,2/14/2025,C071,P004,W3,44,Freight,Delivered,2/18/2025,4,,0
O-00464,1/31/2025,C011,P004,W2,36,Air,Pending,,,,0
O-00465,6/9/2025,C083,P002,W3,39,Air,Pending,,,,0
O-00466,2/25/2025,C067,P006,W2,53,Air,Delivered,3/3/2025,6,,0
O-00467,1/19/2025,C076,P011,W3,88,Freight,Delivered,1/25/2025,6,,0
O-00468,1/25/2025,C063,P011,W1,22,Air,In Transit,,,,0
O-00469,5/27/2025,C099,P002,W3,84,Ground,Delivered,5/30/2025,3,,0
O-00470,4/7/2025,C074,P004,W3,8,Freight,Delivered,4/13/2025,6,,0
O-00471,3/25/2025,C040,P015,W3,14,Ground,Pending,,,,0
O-00472,1/15/2025,C048,P013,W2,82,Ground,In Transit,,,,0
O-00473,3/14/2025,C010,P002,W3,60,Ground,Delivered,3/18/2025,4,,0
O-00474,3/8/2025,C018,P008,W1,51,Ground,Pending,,,,0
O-00475,5/12/2025,C040,P013,W3,86,Air,In Transit,,,,0
O-00476,1/8/2025,C094,P010,W3,46,Freight,Delivered,1/14/2025,6,,0
O-00477,5/7/2025,C004,P006,W1,64,Air,In Transit,,,,0
O-00478,1/5/2025,C086,P012,W3,92,Ground,Delivered,1/9/2025,4,,0
O-00479,6/29/2025,C012,P011,W3,72,Freight,In Transit,,,,0
O-00480,4/15/2025,C056,P002,W3,86,Freight,Delivered,4/18/2025,3,,0
O-00481,5/6/2025,C070,P014,W1,50,Ground,Pending,,,,0
O-00482,1/22/2025,C045,P013,W3,77,Air,Delivered,1/28/2025,6,,0
O-00483,6/12/2025,C073,P006,W1,45,Freight,Delivered,6/17/2025,5,,0
O-00484,6/11/2025,C062,P015,W2,82,Air,Delivered,6/14/2025,3,,0
O-00485,2/1/2025,C049,P015,W2,1,Air,Delivered,2/5/2025,4,,0
O-00486,6/10/2025,C091,P013,W2,54,Air,Pending,,,,0
O-00487,3/23/2025,C064,P013,W2,36,Air,In Transit,,,,0
O-00488,4/13/2025,C086,P009,W2,11,Air,In Transit,,,,0
O-00489,2/16/2025,C080,P001,W1,85,Freight,In Transit,,,,0
O-00490,1/9/2025,C074,P013,W2,28,Ground,In Transit,,,,0
O-00491,4/25/2025,C055,P005,W2,86,Ground,In Transit,,,,0
O-00492,4/5/2025,C063,P012,W3,81,Air,Pending,,,,0
O-00493,4/30/2025,C077,P009,W3,86,Air,Pending,,,,0
O-00494,3/13/2025,C031,P006,W3,81,Freight,Delivered,3/20/2025,7,,0
O-00495,6/8/2025,C032,P012,W1,79,Air,Pending,,,,0
O-00496,1/30/2025,C025,P008,W2,96,Ground,In Transit,,,,0
O-00497,2/19/2025,C026,P001,W2,88,Ground,Delivered,2/22/2025,3,,0
O-00498,5/22/2025,C082,P015,W3,78,Air,Pending,,,,0
O-00499,3/30/2025,C047,P014,W3,56,Freight,Pending,,,,0
O-00500,3/26/2025,C008,P009,W1,80,Freight,Pending,,,,0
O-00501,6/27/2025,C027,P011,W1,55,Freight,Pending,,,,0
O-00502,3/1/2025,C079,P011,W3,27,Ground,In Transit,,,,0
O-00503,2/2/2025,C005,P005,W3,68,Ground,In Transit,,,,0
O-00504,3/2/2025,C022,P005,W1,57,Air,Pending,,,,0
O-00505,5/1/2025,C090,P010,W1,28,Air,In Transit,,,,0
O-00506,5/11/2025,C086,P011,W2,76,Air,Pending,,,,0
O-00507,3/14/2025,C038,P009,W1,76,Air,Pending,,,,0
O-00508,5/22/2025,C039,P003,W3,60,Freight,Delivered,5/28/2025,6,,0
O-00509,6/1/2025,C089,P011,W2,37,Ground,In Transit,,,,0
O-00510,1/9/2025,C096,P007,W3,100,Freight,Delivered,1/15/2025,6,,0
O-00511,1/31/2025,C065,P007,W2,17,Freight,Pending,,,,0
O-00512,3/25/2025,C003,P006,W1,41,Freight,Pending,,,,0
O-00513,4/19/2025,C068,P004,W1,68,Ground,Pending,,,,0
O-00514,1/20/2025,C078,P011,W2,95,Freight,Delivered,1/22/2025,2,,0
O-00515,5/30/2025,C014,P009,W2,49,Freight,Pending,,,,0
O-00516,3/25/2025,C065,P003,W3,16,Freight,In Transit,,,,0
O-00517,5/9/2025,C074,P015,W1,5,Air,In Transit,,,,0
O-00518,5/8/2025,C100,P003,W1,100,Freight,Delivered,5/15/2025,7,,0
O-00519,1/18/2025,C037,P008,W1,16,Freight,In Transit,,,,0
O-00520,4/6/2025,C017,P014,W1,55,Air,Pending,,,,0
O-00521,6/18/2025,C026,P008,W3,11,Ground,Delivered,6/20/2025,2,,0
O-00522,3/23/2025,C053,P003,W2,23,Freight,In Transit,,,,0
O-00523,4/12/2025,C088,P014,W3,47,Air,Delivered,4/15/2025,3,,0
O-00524,3/23/2025,C035,P010,W3,54,Freight,Delivered,3/25/2025,2,,0
O-00525,4/1/2025,C021,P002,W3,43,Freight,Pending,,,,0
O-00526,1/28/2025,C001,P008,W3,5,Freight,In Transit,,,,0
O-00527,1/22/2025,C062,P005,W1,12,Freight,In Transit,,,,0
O-00528,5/23/2025,C007,P010,W3,34,Freight,Pending,,,,0
O-00529,3/31/2025,C020,P009,W1,90,Air,Delivered,4/2/2025,2,,0
O-00530,1/21/2025,C091,P015,W3,52,Air,Delivered,1/26/2025,5,,0
O-00531,3/4/2025,C100,P009,W3,94,Freight,In Transit,,,,0
O-00532,4/2/2025,C031,P013,W1,99,Air,In Transit,,,,0
O-00533,3/9/2025,C033,P012,W3,13,Ground,In Transit,,,,0
O-00534,4/16/2025,C009,P004,W3,95,Freight,Delivered,4/18/2025,2,,0
O-00535,4/19/2025,C022,P011,W2,98,Air,Delivered,4/23/2025,4,,0
O-00536,2/25/2025,C014,P001,W3,38,Air,Pending,,,,0
O-00537,5/20/2025,C020,P006,W3,55,Ground,Pending,,,,0
O-00538,3/23/2025,C080,P002,W3,80,Freight,Pending,,,,0
O-00539,3/1/2025,C082,P001,W2,92,Air,Delivered,3/6/2025,5,,0
O-00540,6/2/2025,C069,P002,W1,42,Ground,Delivered,6/9/2025,7,,0
O-00541,5/26/2025,C020,P003,W1,98,Air,Delivered,5/31/2025,5,,0
O-00542,5/6/2025,C079,P010,W2,97,Freight,Delivered,5/13/2025,7,,0
O-00543,1/2/2025,C091,P009,W1,52,Ground,In Transit,,,,0
O-00544,5/11/2025,C078,P011,W1,62,Freight,Pending,,,,0
O-00545,3/16/2025,C035,P013,W1,83,Freight,Delivered,3/21/2025,5,,0
O-00546,2/9/2025,C087,P003,W2,75,Ground,Pending,,,,0
O-00547,4/20/2025,C039,P011,W1,55,Ground,Delivered,4/24/2025,4,,0
O-00548,4/12/2025,C075,P002,W1,10,Air,In Transit,,,,0
O-00549,4/10/2025,C011,P005,W2,18,Air,Delivered,4/12/2025,2,,0
O-00550,2/8/2025,C049,P008,W1,37,Freight,Delivered,2/15/2025,7,,0
O-00551,6/10/2025,C062,P008,W1,54,Air,Delivered,6/17/2025,7,,0
O-00552,1/21/2025,C007,P003,W3,27,Ground,Pending,,,,0
O-00553,4/7/2025,C028,P008,W2,88,Ground,Delivered,4/13/2025,6,,0
O-00554,4/24/2025,C041,P003,W1,33,Ground,In Transit,,,,0
O-00555,6/6/2025,C032,P005,W1,1,Ground,In Transit,,,,0
O-00556,3/6/2025,C015,P008,W2,88,Freight,Delivered,3/9/2025,3,,0
O-00557,2/17/2025,C095,P006,W2,6,Ground,Delivered,2/23/2025,6,,0
O-00558,4/6/2025,C070,P003,W2,57,Air,Pending,,,,0
O-00559,5/7/2025,C001,P007,W2,54,Ground,Delivered,5/14/2025,7,,0
O-00560,1/23/2025,C025,P015,W3,17,Ground,Delivered,1/25/2025,2,,0
O-00561,4/1/2025,C030,P008,W2,88,Ground,Delivered,4/5/2025,4,,0
O-00562,1/22/2025,C019,P008,W3,27,Ground,Delivered,1/29/2025,7,,0
O-00563,5/2/2025,C045,P001,W1,48,Freight,Pending,,,,0
O-00564,1/16/2025,C087,P012,W1,100,Air,Delivered,1/22/2025,6,,0
O-00565,4/16/2025,C018,P006,W2,7,Freight,Pending,,,,0
O-00566,4/24/2025,C085,P001,W3,77,Air,Delivered,4/30/2025,6,,0
O-00567,2/27/2025,C090,P001,W2,12,Air,Delivered,3/2/2025,3,,0
O-00568,5/14/2025,C096,P011,W3,27,Air,Delivered,5/19/2025,5,,0
O-00569,2/19/2025,C082,P001,W2,1,Ground,In Transit,,,,0
O-00570,3/1/2025,C076,P004,W1,25,Ground,Delivered,3/6/2025,5,,0
O-00571,4/3/2025,C023,P015,W3,82,Air,In Transit,,,,0
O-00572,1/19/2025,C068,P010,W1,55,Freight,In Transit,,,,0
O-00573,1/17/2025,C052,P006,W3,58,Freight,Pending,,,,0
O-00574,1/30/2025,C071,P003,W3,87,Air,Delivered,2/4/2025,5,,0
O-00575,3/22/2025,C076,P008,W1,3,Freight,Delivered,3/27/2025,5,,0
O-00576,5/2/2025,C052,P001,W2,41,Air,Pending,,,,0
O-00577,4/17/2025,C012,P008,W1,19,Ground,Pending,,,,0
O-00578,5/28/2025,C043,P006,W2,6,Ground,Pending,,,,0
O-00579,3/13/2025,C029,P003,W3,38,Freight,Delivered,3/19/2025,6,,0
O-00580,6/29/2025,C093,P008,W1,12,Freight,In Transit,,,,0
O-00581,3/12/2025,C058,P004,W1,12,Ground,Pending,,,,0
O-00582,6/23/2025,C034,P001,W2,49,Air,In Transit,,,,0
O-00583,5/30/2025,C043,P014,W3,18,Freight,In Transit,,,,0
O-00584,5/15/2025,C063,P013,W3,90,Air,Pending,,,,0
O-00585,4/10/2025,C032,P012,W1,16,Ground,Delivered,4/17/2025,7,,0
O-00586,4/7/2025,C088,P012,W1,80,Ground,In Transit,,,,0
O-00587,1/9/2025,C098,P013,W2,73,Air,Delivered,1/15/2025,6,,0
O-00588,5/8/2025,C034,P013,W2,85,Freight,Pending,,,,0
O-00589,5/29/2025,C059,P003,W1,7,Air,Pending,,,,0
O-00590,2/20/2025,C090,P004,W2,39,Freight,In Transit,,,,0
O-00591,5/18/2025,C021,P001,W1,20,Air,Pending,,,,0
O-00592,6/15/2025,C088,P008,W1,39,Freight,Pending,,,,0
O-00593,6/11/2025,C088,P014,W1,71,Freight,Delivered,6/13/2025,2,,0
O-00594,1/1/2025,C014,P012,W3,21,Air,In Transit,,,,0
O-00595,2/14/2025,C076,P004,W1,55,Ground,Pending,,,,0
O-00596,3/24/2025,C003,P002,W1,29,Air,Delivered,3/26/2025,2,,0
O-00597,6/2/2025,C066,P015,W1,22,Freight,In Transit,,,,0
O-00598,1/4/2025,C040,P002,W1,48,Ground,In Transit,,,,0
O-00599,5/9/2025,C040,P010,W2,21,Ground,In Transit,,,,0
O-00600,2/4/2025,C017,P014,W3,19,Air,In Transit,,,,0
O-00601,5/7/2025,C095,P002,W2,41,Ground,Pending,,,,0
O-00602,4/4/2025,C054,P010,W3,70,Freight,Pending,,,,0
O-00603,6/6/2025,C078,P008,W3,24,Ground,In Transit,,,,0
O-00604,3/13/2025,C029,P009,W2,55,Freight,In Transit,,,,0
O-00605,5/11/2025,C097,P015,W3,22,Freight,Delivered,5/17/2025,6,,0
O-00606,6/19/2025,C092,P010,W3,58,Ground,Delivered,6/24/2025,5,,0
O-00607,5/29/2025,C052,P004,W2,66,Freight,Pending,,,,0
O-00608,1/24/2025,C052,P010,W1,55,Air,Pending,,,,0
O-00609,4/12/2025,C076,P014,W1,27,Air,Delivered,4/17/2025,5,,0
O-00610,6/22/2025,C038,P001,W2,17,Air,Pending,,,,0
O-00611,3/6/2025,C017,P012,W3,73,Air,In Transit,,,,0
O-00612,4/26/2025,C005,P013,W3,30,Ground,In Transit,,,,0
O-00613,4/27/2025,C059,P014,W1,15,Freight,Delivered,5/2/2025,5,,0
O-00614,1/22/2025,C047,P015,W2,51,Freight,In Transit,,,,0
O-00615,2/15/2025,C079,P011,W2,72,Ground,In Transit,,,,0
O-00616,4/16/2025,C037,P013,W2,26,Ground,Delivered,4/23/2025,7,,0
O-00617,5/22/2025,C053,P006,W3,18,Air,Pending,,,,0
O-00618,6/9/2025,C055,P001,W1,9,Freight,In Transit,,,,0
O-00619,4/21/2025,C071,P005,W1,51,Air,In Transit,,,,0
O-00620,6/10/2025,C084,P002,W2,20,Freight,Delivered,6/13/2025,3,,0
O-00621,5/10/2025,C055,P014,W3,24,Freight,In Transit,,,,0
O-00622,5/20/2025,C068,P012,W1,68,Air,Pending,,,,0
O-00623,2/27/2025,C083,P008,W3,91,Ground,Pending,,,,0
O-00624,1/3/2025,C066,P006,W2,61,Air,Pending,,,,0
O-00625,2/8/2025,C098,P001,W2,65,Air,In Transit,,,,0
O-00626,5/16/2025,C040,P002,W3,14,Ground,Pending,,,,0
O-00627,1/9/2025,C021,P002,W1,19,Ground,Delivered,1/11/2025,2,,0
O-00628,4/3/2025,C091,P014,W2,59,Freight,Pending,,,,0
O-00629,4/22/2025,C041,P001,W1,73,Freight,Delivered,4/29/2025,7,,0
O-00630,1/19/2025,C094,P008,W1,14,Ground,Delivered,1/22/2025,3,,0
O-00631,3/23/2025,C006,P004,W1,33,Air,Delivered,3/28/2025,5,,0
O-00632,4/22/2025,C084,P005,W3,100,Air,In Transit,,,,0
O-00633,2/27/2025,C045,P006,W2,84,Ground,In Transit,,,,0
O-00634,1/3/2025,C098,P003,W3,70,Ground,Delivered,1/5/2025,2,,0
O-00635,2/24/2025,C077,P004,W1,92,Freight,Pending,,,,0
O-00636,6/23/2025,C059,P015,W1,12,Ground,Pending,,,,0
O-00637,6/12/2025,C079,P014,W2,55,Ground,Delivered,6/16/2025,4,,0
O-00638,3/4/2025,C048,P012,W3,50,Air,Delivered,3/9/2025,5,,0
O-00639,5/21/2025,C001,P010,W2,28,Air,In Transit,,,,0
O-00640,4/22/2025,C074,P013,W3,65,Air,In Transit,,,,0
O-00641,1/28/2025,C013,P015,W2,76,Ground,Delivered,2/3/2025,6,,0
O-00642,4/17/2025,C020,P006,W3,89,Air,Delivered,4/20/2025,3,,0
O-00643,5/25/2025,C088,P009,W1,92,Air,In Transit,,,,0
O-00644,5/20/2025,C070,P008,W2,65,Freight,Delivered,5/27/2025,7,,0
O-00645,2/27/2025,C077,P001,W3,83,Air,Pending,,,,0
O-00646,5/5/2025,C037,P007,W2,93,Air,Delivered,5/11/2025,6,,0
O-00647,6/29/2025,C053,P007,W1,12,Ground,In Transit,,,,0
O-00648,5/26/2025,C045,P004,W2,8,Freight,In Transit,,,,0
O-00649,2/21/2025,C004,P001,W2,18,Freight,Delivered,2/27/2025,6,,0
O-00650,6/29/2025,C009,P004,W1,92,Ground,Pending,,,,0
O-00651,6/14/2025,C069,P002,W2,94,Ground,Pending,,,,0
O-00652,3/14/2025,C021,P008,W1,34,Freight,Delivered,3/19/2025,5,,0
O-00653,1/17/2025,C070,P002,W2,97,Air,Pending,,,,0
O-00654,5/14/2025,C019,P007,W3,14,Air,Pending,,,,0
O-00655,6/21/2025,C049,P011,W2,43,Freight,In Transit,,,,0
O-00656,4/26/2025,C047,P015,W2,65,Air,In Transit,,,,0
O-00657,5/9/2025,C083,P010,W2,28,Ground,In Transit,,,,0
O-00658,6/27/2025,C061,P006,W2,95,Ground,Pending,,,,0
O-00659,5/5/2025,C030,P005,W1,36,Air,Pending,,,,0
O-00660,3/13/2025,C009,P013,W2,59,Air,In Transit,,,,0
O-00661,4/21/2025,C001,P003,W2,64,Freight,Delivered,4/26/2025,5,,0
O-00662,5/21/2025,C068,P004,W1,92,Freight,Delivered,5/27/2025,6,,0
O-00663,5/5/2025,C072,P015,W2,55,Air,Delivered,5/8/2025,3,,0
O-00664,2/25/2025,C012,P006,W3,77,Air,Pending,,,,0
O-00665,1/6/2025,C010,P004,W2,47,Air,In Transit,,,,0
O-00666,5/27/2025,C025,P005,W2,2,Freight,In Transit,,,,0
O-00667,4/21/2025,C016,P005,W1,85,Air,Delivered,4/28/2025,7,,0
O-00668,2/16/2025,C031,P014,W3,31,Freight,In Transit,,,,0
O-00669,1/30/2025,C050,P005,W2,81,Ground,Delivered,2/1/2025,2,,0
O-00670,2/15/2025,C002,P004,W3,9,Air,Delivered,2/22/2025,7,,0
O-00671,5/28/2025,C073,P002,W2,91,Ground,Delivered,5/30/2025,2,,0
O-00672,4/7/2025,C010,P007,W1,55,Ground,Delivered,4/10/2025,3,,0
O-00673,6/6/2025,C081,P008,W3,100,Air,In Transit,,,,0
O-00674,3/14/2025,C048,P008,W3,24,Ground,Delivered,3/17/2025,3,,0
O-00675,1/18/2025,C048,P006,W3,6,Ground,Pending,,,,0
O-00676,5/6/2025,C071,P005,W2,35,Freight,Pending,,,,0
O-00677,1/13/2025,C021,P005,W2,92,Freight,Delivered,1/17/2025,4,,0
O-00678,5/6/2025,C019,P015,W1,83,Freight,Pending,,,,0
O-00679,4/5/2025,C089,P009,W1,34,Freight,In Transit,,,,0
O-00680,6/1/2025,C052,P014,W3,95,Ground,In Transit,,,,0
O-00681,3/11/2025,C025,P009,W2,28,Air,Pending,,,,0
O-00682,1/21/2025,C030,P015,W3,84,Freight,In Transit,,,,0
O-00683,6/17/2025,C065,P012,W3,77,Ground,In Transit,,,,0
O-00684,1/29/2025,C086,P013,W2,71,Ground,In Transit,,,,0
O-00685,2/13/2025,C095,P004,W2,98,Air,In Transit,,,,0
O-00686,5/4/2025,C069,P002,W1,75,Air,Pending,,,,0
O-00687,6/18/2025,C069,P013,W3,87,Air,Delivered,6/21/2025,3,,0
O-00688,1/20/2025,C095,P005,W3,26,Air,In Transit,,,,0
O-00689,1/8/2025,C042,P005,W3,69,Ground,Pending,,,,0
O-00690,6/17/2025,C067,P009,W3,49,Freight,Pending,,,,0
O-00691,1/14/2025,C063,P006,W3,40,Freight,Pending,,,,0
O-00692,2/5/2025,C003,P008,W1,75,Ground,Delivered,2/9/2025,4,,0
O-00693,2/10/2025,C076,P011,W3,8,Ground,Delivered,2/12/2025,2,,0
O-00694,6/28/2025,C002,P001,W1,69,Ground,Pending,,,,0
O-00695,6/3/2025,C050,P009,W3,52,Ground,Pending,,,,0
O-00696,3/12/2025,C056,P014,W1,46,Ground,Pending,,,,0
O-00697,3/4/2025,C058,P013,W2,25,Freight,In Transit,,,,0
O-00698,1/11/2025,C025,P006,W1,89,Air,Pending,,,,0
O-00699,2/3/2025,C092,P004,W2,47,Ground,Pending,,,,0
O-00700,4/20/2025,C009,P002,W3,33,Air,Pending,,,,0
O-00701,3/18/2025,C048,P014,W3,95,Freight,In Transit,,,,0
O-00702,1/8/2025,C050,P013,W2,65,Freight,In Transit,,,,0
O-00703,3/22/2025,C037,P001,W1,18,Ground,In Transit,,,,0
O-00704,6/2/2025,C012,P012,W1,32,Ground,Delivered,6/8/2025,6,,0
O-00705,5/15/2025,C086,P008,W1,7,Air,Delivered,5/21/2025,6,,0
O-00706,3/1/2025,C049,P006,W3,22,Air,Delivered,3/8/2025,7,,0
O-00707,6/1/2025,C080,P003,W3,20,Air,In Transit,,,,0
O-00708,3/23/2025,C086,P006,W1,4,Ground,Pending,,,,0
O-00709,6/8/2025,C011,P015,W1,27,Ground,Pending,,,,0
O-00710,2/22/2025,C046,P002,W3,76,Air,In Transit,,,,0
O-00711,6/24/2025,C085,P007,W1,71,Ground,Delivered,6/27/2025,3,,0
O-00712,6/28/2025,C028,P007,W2,26,Air,In Transit,,,,0
O-00713,1/5/2025,C045,P002,W1,20,Air,Pending,,,,0
O-00714,6/16/2025,C002,P007,W2,50,Air,Delivered,6/22/2025,6,,0
O-00715,6/6/2025,C093,P011,W3,54,Freight,Delivered,6/8/2025,2,,0
O-00716,3/25/2025,C059,P007,W3,78,Ground,Delivered,3/29/2025,4,,0
O-00717,1/12/2025,C095,P006,W1,81,Ground,Pending,,,,0
O-00718,4/27/2025,C032,P006,W2,44,Air,In Transit,,,,0
O-00719,2/19/2025,C047,P012,W3,46,Air,Delivered,2/22/2025,3,,0
O-00720,3/14/2025,C017,P005,W3,81,Freight,Pending,,,,0
O-00721,6/22/2025,C005,P001,W2,29,Freight,Pending,,,,0
O-00722,6/15/2025,C095,P010,W1,40,Air,In Transit,,,,0
O-00723,6/2/2025,C084,P004,W2,28,Freight,In Transit,,,,0
O-00724,6/25/2025,C071,P012,W1,1,Freight,In Transit,,,,0
O-00725,3/14/2025,C080,P015,W1,79,Air,In Transit,,,,0
O-00726,1/24/2025,C054,P014,W1,53,Freight,In Transit,,,,0
O-00727,3/25/2025,C078,P004,W2,53,Air,Delivered,3/29/2025,4,,0
O-00728,3/6/2025,C031,P007,W1,5,Freight,Pending,,,,0
O-00729,3/5/2025,C087,P005,W2,1,Air,Delivered,3/10/2025,5,,0
O-00730,3/15/2025,C002,P001,W2,84,Freight,Pending,,,,0
O-00731,5/10/2025,C063,P014,W1,12,Freight,In Transit,,,,0
O-00732,1/31/2025,C074,P003,W1,18,Air,Delivered,2/6/2025,6,,0
O-00733,4/21/2025,C004,P010,W3,39,Air,Delivered,4/27/2025,6,,0
O-00734,3/14/2025,C054,P010,W2,88,Air,Delivered,3/19/2025,5,,0
O-00735,3/4/2025,C085,P013,W1,90,Ground,Delivered,3/6/2025,2,,0
O-00736,3/16/2025,C077,P012,W2,95,Freight,Delivered,3/20/2025,4,,0
O-00737,4/20/2025,C077,P004,W1,60,Ground,In Transit,,,,0
O-00738,4/28/2025,C033,P002,W1,22,Ground,Delivered,5/4/2025,6,,0
O-00739,1/5/2025,C029,P002,W3,39,Ground,Delivered,1/8/2025,3,,0
O-00740,1/22/2025,C042,P004,W1,83,Air,Delivered,1/28/2025,6,,0
O-00741,5/13/2025,C091,P011,W2,100,Freight,Delivered,5/20/2025,7,,0
O-00742,1/23/2025,C036,P011,W3,97,Air,Pending,,,,0
O-00743,6/12/2025,C094,P007,W3,43,Ground,Pending,,,,0
O-00744,1/10/2025,C006,P009,W1,66,Ground,In Transit,,,,0
O-00745,4/14/2025,C086,P005,W1,48,Ground,In Transit,,,,0
O-00746,5/8/2025,C090,P006,W2,96,Ground,Delivered,5/13/2025,5,,0
O-00747,5/9/2025,C064,P008,W1,27,Air,In Transit,,,,0
O-00748,3/17/2025,C031,P007,W2,79,Ground,Pending,,,,0
O-00749,6/19/2025,C061,P003,W3,51,Freight,Delivered,6/22/2025,3,,0
O-00750,4/28/2025,C053,P002,W2,23,Freight,Pending,,,,0
O-00751,5/14/2025,C092,P014,W1,89,Air,In Transit,,,,0
O-00752,2/4/2025,C066,P006,W3,13,Air,Delivered,2/11/2025,7,,0
O-00753,6/8/2025,C030,P001,W3,64,Freight,In Transit,,,,0
O-00754,4/29/2025,C023,P006,W1,12,Freight,Delivered,5/4/2025,5,,0
O-00755,3/15/2025,C085,P004,W1,45,Air,Delivered,3/18/2025,3,,0
O-00756,1/14/2025,C066,P002,W1,64,Air,In Transit,,,,0
O-00757,1/13/2025,C062,P010,W2,35,Air,Delivered,1/15/2025,2,,0
O-00758,1/25/2025,C084,P002,W3,34,Air,Delivered,1/31/2025,6,,0
O-00759,6/12/2025,C023,P007,W2,52,Ground,In Transit,,,,0
O-00760,4/10/2025,C100,P013,W3,81,Freight,Delivered,4/17/2025,7,,0
O-00761,1/1/2025,C044,P011,W1,38,Ground,Pending,,,,0
O-00762,2/4/2025,C005,P011,W1,54,Ground,Pending,,,,0
O-00763,5/13/2025,C085,P005,W1,85,Air,In Transit,,,,0
O-00764,3/17/2025,C050,P014,W3,54,Ground,In Transit,,,,0
O-00765,5/13/2025,C096,P012,W3,47,Freight,Pending,,,,0
O-00766,3/5/2025,C010,P015,W2,16,Ground,Pending,,,,0
O-00767,6/22/2025,C053,P014,W2,33,Air,Delivered,6/27/2025,5,,0
O-00768,1/6/2025,C079,P003,W2,30,Freight,Delivered,1/11/2025,5,,0
O-00769,6/18/2025,C077,P002,W1,14,Ground,Pending,,,,0
O-00770,3/28/2025,C032,P015,W3,99,Air,Delivered,4/4/2025,7,,0
O-00771,6/6/2025,C009,P014,W2,40,Ground,In Transit,,,,0
O-00772,1/12/2025,C076,P014,W3,33,Ground,Delivered,1/14/2025,2,,0
O-00773,5/26/2025,C030,P014,W2,97,Air,Delivered,5/28/2025,2,,0
O-00774,3/25/2025,C045,P010,W1,50,Air,In Transit,,,,0
O-00775,5/16/2025,C073,P010,W1,99,Ground,In Transit,,,,0
O-00776,4/30/2025,C083,P002,W2,21,Freight,Delivered,5/6/2025,6,,0
O-00777,6/21/2025,C034,P007,W3,86,Freight,Delivered,6/24/2025,3,,0
O-00778,1/1/2025,C052,P013,W2,39,Ground,In Transit,,,,0
O-00779,1/11/2025,C047,P003,W3,58,Freight,Pending,,,,0
O-00780,4/8/2025,C050,P013,W2,13,Air,In Transit,,,,0
O-00781,4/9/2025,C072,P014,W1,2,Freight,Pending,,,,0
O-00782,3/2/2025,C024,P005,W3,87,Air,Pending,,,,0
O-00783,6/17/2025,C050,P004,W1,65,Ground,Delivered,6/22/2025,5,,0
O-00784,3/19/2025,C038,P004,W2,33,Air,In Transit,,,,0
O-00785,2/25/2025,C049,P001,W1,11,Air,In Transit,,,,0
O-00786,4/30/2025,C064,P001,W1,68,Ground,Pending,,,,0
O-00787,2/19/2025,C016,P002,W3,50,Ground,In Transit,,,,0
O-00788,4/20/2025,C026,P011,W2,94,Freight,Pending,,,,0
O-00789,4/29/2025,C036,P004,W3,76,Ground,In Transit,,,,0
O-00790,2/13/2025,C069,P015,W3,36,Freight,Pending,,,,0
O-00791,2/20/2025,C032,P014,W1,17,Ground,In Transit,,,,0
O-00792,3/26/2025,C092,P005,W3,23,Ground,Pending,,,,0
O-00793,3/5/2025,C010,P014,W3,53,Ground,Delivered,3/7/2025,2,,0
O-00794,2/8/2025,C020,P014,W3,64,Air,Pending,,,,0
O-00795,5/16/2025,C004,P009,W3,82,Air,Pending,,,,0
O-00796,5/2/2025,C006,P014,W3,3,Air,In Transit,,,,0
O-00797,2/8/2025,C063,P013,W2,6,Air,In Transit,,,,0
O-00798,6/20/2025,C019,P002,W2,25,Freight,Pending,,,,0
O-00799,6/23/2025,C024,P012,W2,7,Air,Pending,,,,0
O-00800,6/11/2025,C026,P009,W1,9,Air,Pending,,,,0
O-00801,4/14/2025,C017,P007,W3,40,Freight,In Transit,,,,0
O-00802,4/29/2025,C018,P009,W1,51,Freight,Pending,,,,0
O-00803,3/31/2025,C049,P003,W1,60,Ground,Delivered,4/6/2025,6,,0
O-00804,2/10/2025,C076,P014,W3,22,Freight,Delivered,2/12/2025,2,,0
O-00805,3/24/2025,C037,P008,W2,19,Air,Delivered,3/30/2025,6,,0
O-00806,3/30/2025,C042,P006,W2,34,Ground,Delivered,4/3/2025,4,,0
O-00807,6/26/2025,C049,P010,W3,40,Air,Delivered,7/1/2025,5,,0
O-00808,5/14/2025,C086,P007,W1,79,Air,Delivered,5/20/2025,6,,0
O-00809,1/22/2025,C100,P015,W2,89,Freight,In Transit,,,,0
O-00810,5/18/2025,C030,P001,W2,56,Ground,Pending,,,,0
O-00811,3/6/2025,C035,P002,W1,96,Air,In Transit,,,,0
O-00812,6/19/2025,C004,P001,W2,79,Ground,Delivered,6/24/2025,5,,0
O-00813,1/23/2025,C076,P001,W2,8,Ground,In Transit,,,,0
O-00814,6/10/2025,C063,P013,W1,80,Air,Pending,,,,0
O-00815,1/13/2025,C094,P006,W1,41,Air,Delivered,1/15/2025,2,,0
O-00816,5/31/2025,C089,P008,W3,84,Ground,Pending,,,,0
O-00817,1/26/2025,C040,P005,W1,57,Ground,In Transit,,,,0
O-00818,5/16/2025,C046,P003,W1,90,Ground,Delivered,5/23/2025,7,,0
O-00819,2/2/2025,C055,P013,W1,10,Freight,Pending,,,,0
O-00820,4/13/2025,C037,P012,W2,24,Freight,In Transit,,,,0
O-00821,6/28/2025,C057,P009,W3,22,Ground,Pending,,,,0
O-00822,6/17/2025,C019,P008,W2,29,Freight,Pending,,,,0
O-00823,5/26/2025,C084,P012,W2,88,Air,Pending,,,,0
O-00824,4/15/2025,C099,P011,W3,57,Air,Pending,,,,0
O-00825,3/5/2025,C051,P005,W2,24,Ground,In Transit,,,,0
O-00826,1/10/2025,C075,P010,W2,66,Air,Delivered,1/17/2025,7,,0
O-00827,1/21/2025,C029,P003,W1,21,Air,Pending,,,,0
O-00828,5/3/2025,C006,P008,W2,40,Air,Delivered,5/10/2025,7,,0
O-00829,6/2/2025,C090,P015,W1,67,Freight,Pending,,,,0
O-00830,6/23/2025,C016,P002,W1,84,Air,In Transit,,,,0
O-00831,2/14/2025,C061,P004,W2,7,Ground,In Transit,,,,0
O-00832,3/20/2025,C077,P008,W1,13,Ground,In Transit,,,,0
O-00833,1/13/2025,C032,P001,W1,92,Freight,Pending,,,,0
O-00834,4/28/2025,C016,P012,W1,94,Ground,Pending,,,,0
O-00835,1/11/2025,C069,P003,W2,72,Ground,Delivered,1/17/2025,6,,0
O-00836,3/23/2025,C004,P001,W3,69,Ground,Delivered,3/27/2025,4,,0
O-00837,1/9/2025,C002,P010,W1,28,Freight,Delivered,1/13/2025,4,,0
O-00838,6/21/2025,C056,P002,W1,65,Freight,Delivered,6/27/2025,6,,0
O-00839,5/31/2025,C098,P004,W3,83,Air,In Transit,,,,0
O-00840,6/25/2025,C083,P001,W2,1,Air,Delivered,6/30/2025,5,,0
O-00841,3/17/2025,C040,P014,W2,2,Ground,In Transit,,,,0
O-00842,1/17/2025,C067,P005,W3,53,Freight,Pending,,,,0
O-00843,2/3/2025,C071,P010,W1,93,Air,In Transit,,,,0
O-00844,4/11/2025,C017,P001,W3,73,Ground,Delivered,4/18/2025,7,,0
O-00845,2/1/2025,C049,P006,W1,11,Freight,In Transit,,,,0
O-00846,6/15/2025,C052,P001,W2,6,Air,Pending,,,,0
O-00847,6/12/2025,C047,P012,W2,33,Freight,Pending,,,,0
O-00848,5/5/2025,C041,P006,W2,50,Freight,In Transit,,,,0
O-00849,5/28/2025,C022,P012,W1,99,Ground,Pending,,,,0
O-00850,5/1/2025,C052,P012,W3,16,Freight,Delivered,5/3/2025,2,,0
O-00851,5/12/2025,C044,P009,W2,61,Air,Delivered,5/18/2025,6,,0
O-00852,4/5/2025,C048,P001,W2,31,Freight,Delivered,4/10/2025,5,,0
O-00853,6/23/2025,C096,P013,W3,76,Air,In Transit,,,,0
O-00854,1/16/2025,C022,P013,W2,66,Air,In Transit,,,,0
O-00855,4/20/2025,C099,P014,W2,57,Air,Delivered,4/23/2025,3,,0
O-00856,3/13/2025,C040,P008,W3,3,Ground,In Transit,,,,0
O-00857,3/18/2025,C019,P010,W3,18,Ground,In Transit,,,,0
O-00858,4/19/2025,C042,P004,W1,10,Ground,Delivered,4/21/2025,2,,0
O-00859,4/13/2025,C070,P002,W3,58,Ground,Pending,,,,0
O-00860,5/5/2025,C082,P012,W1,4,Air,In Transit,,,,0
O-00861,3/13/2025,C070,P005,W1,50,Ground,Delivered,3/17/2025,4,,0
O-00862,5/2/2025,C053,P005,W1,37,Ground,In Transit,,,,0
O-00863,2/10/2025,C080,P001,W2,18,Freight,Pending,,,,0
O-00864,1/18/2025,C057,P009,W1,94,Ground,Delivered,1/20/2025,2,,0
O-00865,6/24/2025,C018,P015,W1,7,Ground,In Transit,,,,0
O-00866,4/17/2025,C077,P014,W1,59,Freight,In Transit,,,,0
O-00867,5/9/2025,C006,P005,W3,19,Air,In Transit,,,,0
O-00868,2/28/2025,C028,P013,W3,99,Freight,Delivered,3/6/2025,6,,0
O-00869,5/7/2025,C076,P008,W2,61,Ground,Delivered,5/9/2025,2,,0
O-00870,1/3/2025,C086,P012,W2,82,Freight,Pending,,,,0
O-00871,1/15/2025,C079,P011,W3,60,Freight,Pending,,,,0
O-00872,4/26/2025,C016,P012,W3,19,Air,Delivered,4/29/2025,3,,0
O-00873,3/28/2025,C002,P005,W1,56,Air,Pending,,,,0
O-00874,5/28/2025,C085,P009,W3,58,Freight,Pending,,,,0
O-00875,6/13/2025,C006,P014,W1,61,Ground,In Transit,,,,0
O-00876,6/28/2025,C048,P014,W1,34,Freight,Pending,,,,0
O-00877,6/16/2025,C053,P005,W1,40,Air,Delivered,6/21/2025,5,,0
O-00878,5/12/2025,C023,P009,W1,1,Ground,Delivered,5/17/2025,5,,0
O-00879,1/18/2025,C078,P015,W2,54,Freight,Pending,,,,0
O-00880,6/25/2025,C068,P015,W3,55,Air,Pending,,,,0
O-00881,6/10/2025,C085,P009,W3,33,Ground,Delivered,6/14/2025,4,,0
O-00882,5/18/2025,C041,P013,W2,26,Ground,Delivered,5/23/2025,5,,0
O-00883,5/29/2025,C005,P015,W2,71,Freight,Pending,,,,0
O-00884,1/8/2025,C007,P003,W1,19,Air,Delivered,1/12/2025,4,,0
O-00885,3/28/2025,C041,P007,W2,64,Freight,In Transit,,,,0
O-00886,6/6/2025,C087,P013,W2,85,Freight,Delivered,6/11/2025,5,,0
O-00887,6/21/2025,C009,P012,W3,85,Air,In Transit,,,,0
O-00888,6/8/2025,C026,P007,W2,59,Ground,Pending,,,,0
O-00889,6/10/2025,C074,P001,W3,86,Air,Delivered,6/12/2025,2,,0
O-00890,6/9/2025,C022,P008,W3,19,Air,Pending,,,,0
O-00891,5/30/2025,C023,P012,W3,20,Air,Pending,,,,0
O-00892,3/15/2025,C053,P014,W3,31,Air,Delivered,3/20/2025,5,,0
O-00893,2/26/2025,C085,P014,W1,65,Freight,In Transit,,,,0
O-00894,4/3/2025,C071,P003,W1,1,Ground,Pending,,,,0
O-00895,2/7/2025,C030,P010,W3,99,Air,Delivered,2/9/2025,2,,0
O-00896,5/15/2025,C031,P001,W2,41,Freight,Pending,,,,0
O-00897,3/29/2025,C066,P006,W1,49,Ground,Pending,,,,0
O-00898,5/23/2025,C093,P013,W1,86,Freight,Delivered,5/26/2025,3,,0
O-00899,3/17/2025,C066,P012,W2,75,Air,In Transit,,,,0
O-00900,2/26/2025,C069,P011,W3,39,Freight,Pending,,,,0
O-00901,5/17/2025,C082,P014,W2,29,Freight,In Transit,,,,0
O-00902,6/15/2025,C091,P013,W1,23,Freight,Delivered,6/22/2025,7,,0
O-00903,6/25/2025,C069,P005,W2,3,Ground,Pending,,,,0
O-00904,5/22/2025,C093,P009,W2,99,Air,Delivered,5/28/2025,6,,0
O-00905,4/25/2025,C068,P009,W2,44,Air,In Transit,,,,0
O-00906,2/27/2025,C006,P002,W3,5,Air,Pending,,,,0
O-00907,5/1/2025,C055,P004,W3,41,Air,Delivered,5/7/2025,6,,0
O-00908,2/22/2025,C038,P001,W1,87,Freight,Delivered,2/25/2025,3,,0
O-00909,3/5/2025,C091,P006,W1,41,Ground,In Transit,,,,0
O-00910,6/7/2025,C049,P014,W3,9,Air,Delivered,6/10/2025,3,,0
O-00911,2/14/2025,C097,P001,W2,30,Ground,In Transit,,,,0
O-00912,6/3/2025,C038,P003,W3,23,Air,Pending,,,,0
O-00913,1/8/2025,C045,P014,W1,21,Freight,In Transit,,,,0
O-00914,4/17/2025,C035,P001,W3,7,Freight,In Transit,,,,0
O-00915,5/16/2025,C057,P013,W1,48,Freight,In Transit,,,,0
O-00916,2/4/2025,C078,P004,W3,52,Ground,Pending,,,,0
O-00917,2/20/2025,C006,P005,W2,20,Ground,Delivered,2/22/2025,2,,0
O-00918,4/14/2025,C018,P014,W2,71,Air,In Transit,,,,0
O-00919,2/13/2025,C074,P008,W2,96,Ground,Pending,,,,0
O-00920,6/9/2025,C016,P002,W1,94,Air,Delivered,6/16/2025,7,,0
O-00921,5/19/2025,C050,P010,W1,62,Ground,Pending,,,,0
O-00922,4/22/2025,C008,P011,W3,81,Ground,Pending,,,,0
O-00923,1/22/2025,C073,P014,W1,80,Air,Pending,,,,0
O-00924,2/25/2025,C044,P011,W1,37,Freight,Pending,,,,0
O-00925,5/25/2025,C082,P014,W1,45,Ground,In Transit,,,,0
O-00926,6/21/2025,C040,P010,W2,60,Freight,Delivered,6/23/2025,2,,0
O-00927,5/9/2025,C021,P006,W1,50,Freight,Pending,,,,0
O-00928,6/21/2025,C033,P013,W3,20,Air,In Transit,,,,0
O-00929,2/4/2025,C072,P002,W1,88,Freight,Delivered,2/7/2025,3,,0
O-00930,6/17/2025,C007,P003,W1,80,Freight,Delivered,6/21/2025,4,,0
O-00931,4/3/2025,C063,P005,W2,70,Ground,Delivered,4/6/2025,3,,0
O-00932,2/18/2025,C021,P014,W3,71,Freight,Delivered,2/22/2025,4,,0
O-00933,4/27/2025,C039,P003,W1,65,Ground,In Transit,,,,0
O-00934,1/18/2025,C010,P009,W2,8,Ground,In Transit,,,,0
O-00935,1/27/2025,C042,P002,W1,14,Ground,In Transit,,,,0
O-00936,3/19/2025,C072,P001,W2,20,Freight,Pending,,,,0
O-00937,4/3/2025,C016,P011,W3,68,Freight,In Transit,,,,0
O-00938,4/11/2025,C014,P008,W3,28,Freight,Delivered,4/14/2025,3,,0
O-00939,6/26/2025,C066,P013,W1,59,Ground,Pending,,,,0
O-00940,6/20/2025,C090,P001,W2,13,Air,Delivered,6/22/2025,2,,0
O-00941,3/20/2025,C062,P006,W1,56,Freight,Pending,,,,0
O-00942,5/29/2025,C012,P006,W1,71,Freight,Delivered,5/31/2025,2,,0
O-00943,5/5/2025,C083,P015,W1,91,Air,In Transit,,,,0
O-00944,5/29/2025,C042,P005,W2,100,Ground,In Transit,,,,0
O-00945,4/3/2025,C092,P001,W1,87,Ground,In Transit,,,,0
O-00946,5/5/2025,C075,P009,W1,15,Air,In Transit,,,,0
O-00947,3/2/2025,C080,P007,W2,20,Air,Delivered,3/6/2025,4,,0
O-00948,3/29/2025,C011,P012,W3,38,Air,In Transit,,,,0
O-00949,3/21/2025,C062,P008,W1,46,Ground,Delivered,3/27/2025,6,,0
O-00950,2/5/2025,C016,P004,W3,77,Freight,Pending,,,,0
O-00951,4/27/2025,C030,P002,W3,81,Freight,In Transit,,,,0
O-00952,2/23/2025,C081,P002,W2,22,Air,Delivered,2/25/2025,2,,0
O-00953,2/6/2025,C037,P004,W2,37,Freight,Pending,,,,0
O-00954,1/13/2025,C045,P015,W1,58,Ground,Pending,,,,0
O-00955,6/16/2025,C026,P008,W1,14,Ground,Pending,,,,0
O-00956,6/6/2025,C039,P005,W3,98,Ground,Delivered,6/11/2025,5,,0
O-00957,3/10/2025,C082,P015,W1,100,Freight,Pending,,,,0
O-00958,6/9/2025,C042,P013,W2,6,Freight,Pending,,,,0
O-00959,1/15/2025,C021,P006,W1,17,Freight,Delivered,1/19/2025,4,,0
O-00960,6/21/2025,C003,P007,W2,70,Ground,Delivered,6/24/2025,3,,0
O-00961,2/8/2025,C054,P014,W2,25,Ground,In Transit,,,,0
O-00962,5/21/2025,C099,P014,W3,4,Air,Pending,,,,0
O-00963,4/6/2025,C078,P014,W3,95,Ground,Delivered,4/8/2025,2,,0
O-00964,3/21/2025,C092,P015,W3,47,Ground,Delivered,3/27/2025,6,,0
O-00965,2/28/2025,C075,P002,W2,87,Freight,In Transit,,,,0
O-00966,6/12/2025,C044,P011,W1,86,Freight,Delivered,6/18/2025,6,,0
O-00967,1/6/2025,C045,P013,W1,85,Freight,Pending,,,,0
O-00968,5/25/2025,C100,P003,W1,1,Freight,Delivered,6/1/2025,7,,0
O-00969,5/1/2025,C041,P004,W1,34,Freight,Delivered,5/7/2025,6,,0
O-00970,1/8/2025,C054,P015,W1,85,Ground,In Transit,,,,0
O-00971,2/23/2025,C027,P002,W3,27,Ground,In Transit,,,,0
O-00972,3/27/2025,C015,P008,W3,88,Freight,In Transit,,,,0
O-00973,2/9/2025,C087,P014,W1,45,Air,Delivered,2/12/2025,3,,0
O-00974,2/8/2025,C044,P008,W1,50,Ground,In Transit,,,,0
O-00975,1/20/2025,C064,P001,W2,24,Ground,Pending,,,,0
O-00976,3/9/2025,C018,P008,W3,88,Ground,Delivered,3/12/2025,3,,0
O-00977,4/14/2025,C036,P010,W3,47,Air,Pending,,,,0
O-00978,3/31/2025,C001,P006,W1,16,Air,Delivered,4/3/2025,3,,0
O-00979,1/17/2025,C092,P008,W2,87,Freight,Delivered,1/23/2025,6,,0
O-00980,3/19/2025,C011,P001,W1,8,Freight,Delivered,3/22/2025,3,,0
O-00981,1/26/2025,C012,P006,W2,41,Ground,Pending,,,,0
O-00982,6/2/2025,C089,P011,W2,13,Air,In Transit,,,,0
O-00983,3/21/2025,C006,P003,W3,14,Ground,Pending,,,,0
O-00984,5/9/2025,C035,P011,W1,52,Air,Delivered,5/13/2025,4,,0
O-00985,3/19/2025,C050,P007,W2,48,Freight,Pending,,,,0
O-00986,1/22/2025,C077,P004,W3,81,Air,Delivered,1/27/2025,5,,0
O-00987,6/18/2025,C067,P013,W2,19,Air,Pending,,,,0
O-00988,3/22/2025,C022,P014,W3,42,Air,Delivered,3/26/2025,4,,0
O-00989,5/29/2025,C025,P001,W2,19,Air,Pending,,,,0
O-00990,5/17/2025,C035,P008,W2,24,Freight,Delivered,5/20/2025,3,,0
O-00991,6/25/2025,C005,P011,W3,31,Ground,Pending,,,,0
O-00992,3/16/2025,C010,P014,W1,69,Air,Delivered,3/23/2025,7,,0
O-00993,5/14/2025,C097,P005,W2,48,Air,Pending,,,,0
O-00994,5/15/2025,C083,P012,W3,8,Ground,In Transit,,,,0
O-00995,2/17/2025,C079,P014,W1,26,Ground,Delivered,2/24/2025,7,,0
O-00996,4/18/2025,C004,P006,W2,98,Freight,Pending,,,,0
O-00997,1/25/2025,C017,P015,W1,35,Freight,Delivered,2/1/2025,7,,0
O-00998,5/5/2025,C050,P006,W2,65,Ground,Delivered,5/12/2025,7,,0
O-00999,4/20/2025,C074,P014,W3,65,Freight,In Transit,,,,0
O-01000,1/13/2025,C098,P002,W1,69,Air,In Transit,,,,0
O-01001,4/25/2025,C094,P003,W1,14,Air,Pending,,,,0
O-01002,1/6/2025,C091,P009,W1,18,Freight,Delivered,1/8/2025,2,,0
O-01003,5/11/2025,C001,P014,W2,57,Air,Pending,,,,0
O-01004,6/26/2025,C083,P007,W1,13,Ground,Pending,,,,0
O-01005,1/1/2025,C041,P001,W1,47,Ground,Delivered,1/4/2025,3,,0
O-01006,1/19/2025,C021,P002,W1,29,Freight,Delivered,1/22/2025,3,,0
O-01007,3/5/2025,C010,P014,W1,10,Freight,In Transit,,,,0
O-01008,6/11/2025,C003,P001,W3,25,Ground,Delivered,6/17/2025,6,,0
O-01009,4/9/2025,C047,P001,W1,17,Ground,In Transit,,,,0
O-01010,4/23/2025,C082,P003,W2,98,Air,In Transit,,,,0
O-01011,2/27/2025,C053,P010,W2,43,Freight,In Transit,,,,0
O-01012,1/3/2025,C015,P005,W2,70,Ground,Pending,,,,0
O-01013,3/27/2025,C017,P011,W2,60,Freight,Delivered,4/1/2025,5,,0
O-01014,1/11/2025,C098,P008,W2,36,Ground,Pending,,,,0
O-01015,1/23/2025,C029,P008,W1,95,Ground,In Transit,,,,0
O-01016,5/18/2025,C048,P005,W2,57,Air,Delivered,5/24/2025,6,,0
O-01017,5/10/2025,C064,P013,W2,18,Ground,Pending,,,,0
O-01018,4/23/2025,C043,P005,W1,17,Ground,In Transit,,,,0
O-01019,3/6/2025,C011,P009,W3,70,Freight,Pending,,,,0
O-01020,6/5/2025,C064,P013,W2,2,Ground,Pending,,,,0
O-01021,5/23/2025,C065,P002,W2,32,Air,In Transit,,,,0
O-01022,6/11/2025,C093,P001,W2,74,Air,Delivered,6/17/2025,6,,0
O-01023,5/5/2025,C075,P008,W3,57,Ground,In Transit,,,,0
O-01024,5/30/2025,C009,P007,W3,62,Ground,Delivered,6/1/2025,2,,0
O-01025,1/4/2025,C037,P007,W3,78,Freight,Delivered,1/7/2025,3,,0
O-01026,3/15/2025,C077,P008,W1,95,Air,Delivered,3/22/2025,7,,0
O-01027,4/7/2025,C035,P001,W1,90,Ground,Delivered,4/9/2025,2,,0
O-01028,6/5/2025,C073,P008,W1,41,Air,Pending,,,,0
O-01029,5/18/2025,C089,P008,W3,45,Freight,In Transit,,,,0
O-01030,5/21/2025,C004,P010,W1,90,Freight,In Transit,,,,0
O-01031,5/25/2025,C045,P013,W3,1,Air,Pending,,,,0
O-01032,3/23/2025,C068,P009,W1,90,Freight,Pending,,,,0
O-01033,2/20/2025,C094,P014,W3,29,Freight,Delivered,2/27/2025,7,,0
O-01034,4/15/2025,C074,P008,W1,30,Freight,Delivered,4/18/2025,3,,0
O-01035,6/11/2025,C005,P012,W2,14,Ground,Pending,,,,0
O-01036,3/31/2025,C075,P015,W1,62,Air,Pending,,,,0
O-01037,2/3/2025,C032,P012,W2,59,Ground,Delivered,2/9/2025,6,,0
O-01038,5/17/2025,C030,P012,W3,91,Air,In Transit,,,,0
O-01039,4/24/2025,C056,P001,W1,79,Freight,Delivered,4/30/2025,6,,0
O-01040,2/1/2025,C016,P011,W1,84,Ground,Pending,,,,0
O-01041,3/10/2025,C032,P003,W2,53,Air,Pending,,,,0
O-01042,5/1/2025,C070,P009,W3,56,Ground,Delivered,5/3/2025,2,,0
O-01043,2/10/2025,C080,P012,W3,95,Ground,In Transit,,,,0
O-01044,6/4/2025,C079,P008,W2,32,Ground,In Transit,,,,0
O-01045,3/25/2025,C093,P001,W1,77,Ground,Pending,,,,0
O-01046,3/3/2025,C056,P012,W3,34,Ground,Delivered,3/10/2025,7,,0
O-01047,1/6/2025,C080,P009,W2,20,Freight,In Transit,,,,0
O-01048,5/2/2025,C087,P011,W2,69,Ground,Pending,,,,0
O-01049,4/6/2025,C069,P004,W3,18,Air,Delivered,4/10/2025,4,,0
O-01050,3/30/2025,C023,P011,W3,100,Ground,Pending,,,,0
O-01051,6/3/2025,C047,P012,W2,49,Air,Delivered,6/5/2025,2,,0
O-01052,3/31/2025,C056,P010,W2,88,Freight,Delivered,4/5/2025,5,,0
O-01053,6/18/2025,C016,P010,W3,82,Air,Delivered,6/25/2025,7,,0
O-01054,2/21/2025,C014,P014,W1,49,Ground,Delivered,2/26/2025,5,,0
O-01055,5/29/2025,C042,P013,W1,62,Freight,Delivered,6/4/2025,6,,0
O-01056,6/23/2025,C077,P003,W1,49,Ground,Pending,,,,0
O-01057,4/16/2025,C095,P010,W2,36,Ground,Delivered,4/21/2025,5,,0
O-01058,2/12/2025,C013,P008,W3,78,Ground,Pending,,,,0
O-01059,2/3/2025,C034,P012,W1,95,Air,Pending,,,,0
O-01060,3/8/2025,C011,P009,W3,36,Freight,In Transit,,,,0
O-01061,2/18/2025,C037,P009,W1,64,Air,Delivered,2/23/2025,5,,0
O-01062,5/14/2025,C032,P005,W1,93,Air,Pending,,,,0
O-01063,5/19/2025,C052,P003,W2,58,Ground,Delivered,5/26/2025,7,,0
O-01064,1/14/2025,C062,P004,W3,1,Air,In Transit,,,,0
O-01065,3/21/2025,C042,P011,W2,8,Freight,Pending,,,,0
O-01066,5/8/2025,C070,P011,W1,24,Freight,In Transit,,,,0
O-01067,4/19/2025,C004,P006,W1,77,Ground,In Transit,,,,0
O-01068,3/28/2025,C031,P008,W2,31,Air,In Transit,,,,0
O-01069,6/26/2025,C086,P012,W1,89,Freight,Pending,,,,0
O-01070,3/2/2025,C020,P007,W3,14,Air,In Transit,,,,0
O-01071,4/13/2025,C009,P006,W3,100,Freight,In Transit,,,,0
O-01072,3/6/2025,C032,P014,W3,30,Air,In Transit,,,,0
O-01073,6/18/2025,C046,P010,W2,14,Freight,Delivered,6/25/2025,7,,0
O-01074,6/22/2025,C049,P012,W2,40,Freight,Pending,,,,0
O-01075,2/7/2025,C092,P008,W3,77,Freight,In Transit,,,,0
O-01076,4/1/2025,C046,P002,W1,74,Freight,In Transit,,,,0
O-01077,1/26/2025,C064,P013,W1,70,Ground,Pending,,,,0
O-01078,5/24/2025,C083,P009,W1,78,Air,Pending,,,,0
O-01079,1/26/2025,C063,P009,W2,53,Air,Pending,,,,0
O-01080,1/20/2025,C058,P002,W3,68,Air,Pending,,,,0
O-01081,3/7/2025,C026,P012,W1,8,Freight,In Transit,,,,0
O-01082,6/11/2025,C077,P005,W2,47,Freight,Delivered,6/18/2025,7,,0
O-01083,2/14/2025,C034,P014,W2,52,Air,Delivered,2/18/2025,4,,0
O-01084,4/4/2025,C001,P004,W1,61,Ground,Delivered,4/7/2025,3,,0
O-01085,1/21/2025,C098,P011,W2,36,Ground,Pending,,,,0
O-01086,4/24/2025,C057,P012,W2,16,Air,In Transit,,,,0
O-01087,2/12/2025,C060,P003,W1,29,Freight,Delivered,2/18/2025,6,,0
O-01088,6/8/2025,C032,P001,W1,23,Ground,Delivered,6/15/2025,7,,0
O-01089,5/28/2025,C099,P009,W3,64,Freight,In Transit,,,,0
O-01090,4/23/2025,C085,P015,W2,36,Freight,Pending,,,,0
O-01091,2/16/2025,C084,P013,W2,18,Air,Delivered,2/20/2025,4,,0
O-01092,6/25/2025,C032,P012,W2,59,Freight,Delivered,7/2/2025,7,,0
O-01093,1/31/2025,C010,P011,W3,50,Ground,In Transit,,,,0
O-01094,5/25/2025,C095,P004,W3,4,Freight,Pending,,,,0
O-01095,5/2/2025,C059,P015,W2,11,Air,Pending,,,,0
O-01096,4/12/2025,C026,P006,W2,41,Ground,Delivered,4/17/2025,5,,0
O-01097,1/8/2025,C083,P006,W1,6,Freight,Pending,,,,0
O-01098,1/31/2025,C014,P012,W3,56,Freight,Delivered,2/2/2025,2,,0
O-01099,6/7/2025,C064,P012,W3,60,Ground,In Transit,,,,0
O-01100,3/7/2025,C061,P009,W3,49,Freight,Pending,,,,0
O-01101,1/18/2025,C078,P003,W3,29,Air,Delivered,1/24/2025,6,,0
O-01102,1/18/2025,C028,P012,W1,92,Ground,Delivered,1/21/2025,3,,0
O-01103,4/28/2025,C062,P013,W2,81,Ground,Pending,,,,0
O-01104,1/20/2025,C035,P008,W3,77,Freight,Pending,,,,0
O-01105,4/4/2025,C004,P012,W3,76,Ground,Pending,,,,0
O-01106,3/10/2025,C079,P003,W1,70,Air,Pending,,,,0
O-01107,5/5/2025,C043,P004,W2,33,Freight,Delivered,5/12/2025,7,,0
O-01108,3/7/2025,C061,P002,W1,63,Air,Pending,,,,0
O-01109,4/1/2025,C052,P012,W3,25,Freight,Delivered,4/8/2025,7,,0
O-01110,3/1/2025,C096,P008,W3,33,Air,Delivered,3/4/2025,3,,0
O-01111,3/12/2025,C019,P007,W2,2,Air,Delivered,3/16/2025,4,,0
O-01112,5/20/2025,C067,P015,W1,10,Freight,In Transit,,,,0
O-01113,1/14/2025,C050,P007,W2,52,Ground,In Transit,,,,0
O-01114,2/25/2025,C082,P011,W2,27,Air,Delivered,2/27/2025,2,,0
O-01115,4/22/2025,C060,P008,W3,71,Ground,In Transit,,,,0
O-01116,6/16/2025,C088,P005,W1,89,Freight,Pending,,,,0
O-01117,6/20/2025,C032,P007,W2,28,Air,In Transit,,,,0
O-01118,1/29/2025,C051,P004,W1,24,Air,Delivered,2/2/2025,4,,0
O-01119,2/12/2025,C059,P001,W3,37,Air,Pending,,,,0
O-01120,4/26/2025,C002,P002,W1,85,Freight,Delivered,4/29/2025,3,,0
O-01121,5/21/2025,C079,P010,W2,20,Ground,Delivered,5/27/2025,6,,0
O-01122,4/21/2025,C060,P012,W2,58,Ground,Pending,,,,0
O-01123,4/18/2025,C034,P004,W1,69,Freight,In Transit,,,,0
O-01124,5/6/2025,C099,P014,W1,37,Air,Pending,,,,0
O-01125,6/28/2025,C036,P005,W2,53,Ground,Pending,,,,0
O-01126,4/1/2025,C092,P014,W1,49,Freight,In Transit,,,,0
O-01127,2/13/2025,C023,P013,W2,18,Air,Pending,,,,0
O-01128,6/19/2025,C077,P003,W1,85,Air,In Transit,,,,0
O-01129,3/6/2025,C028,P005,W1,59,Ground,Delivered,3/12/2025,6,,0
O-01130,2/20/2025,C083,P015,W1,5,Air,Delivered,2/23/2025,3,,0
O-01131,4/19/2025,C038,P001,W2,87,Ground,In Transit,,,,0
O-01132,1/20/2025,C014,P014,W2,17,Freight,Pending,,,,0
O-01133,6/27/2025,C051,P001,W2,3,Ground,Delivered,7/4/2025,7,,0
O-01134,4/4/2025,C016,P006,W2,55,Ground,In Transit,,,,0
O-01135,4/8/2025,C067,P009,W3,61,Air,Delivered,4/14/2025,6,,0
O-01136,6/16/2025,C063,P005,W3,59,Freight,Pending,,,,0
O-01137,6/14/2025,C013,P003,W1,76,Freight,Pending,,,,0
O-01138,3/7/2025,C002,P010,W2,28,Freight,In Transit,,,,0
O-01139,5/6/2025,C083,P015,W1,24,Freight,Pending,,,,0
O-01140,6/27/2025,C006,P002,W2,66,Freight,Delivered,7/4/2025,7,,0
O-01141,4/16/2025,C038,P003,W3,80,Air,Delivered,4/22/2025,6,,0
O-01142,3/29/2025,C086,P007,W3,1,Ground,Pending,,,,0
O-01143,4/8/2025,C069,P014,W2,15,Ground,Delivered,4/15/2025,7,,0
O-01144,4/8/2025,C070,P004,W3,87,Air,Delivered,4/10/2025,2,,0
O-01145,3/4/2025,C053,P010,W1,16,Ground,Delivered,3/7/2025,3,,0
O-01146,4/2/2025,C066,P001,W2,2,Ground,Delivered,4/4/2025,2,,0
O-01147,5/26/2025,C085,P007,W2,63,Freight,Pending,,,,0
O-01148,2/6/2025,C045,P015,W3,50,Freight,Delivered,2/10/2025,4,,0
O-01149,1/18/2025,C057,P007,W1,66,Ground,Delivered,1/22/2025,4,,0
O-01150,5/22/2025,C051,P008,W2,11,Air,Pending,,,,0
O-01151,5/15/2025,C057,P005,W1,82,Air,In Transit,,,,0
O-01152,3/19/2025,C024,P015,W1,5,Freight,Delivered,3/25/2025,6,,0
O-01153,4/16/2025,C054,P011,W1,49,Ground,Pending,,,,0
O-01154,5/1/2025,C069,P004,W1,50,Air,Delivered,5/7/2025,6,,0
O-01155,4/8/2025,C059,P008,W2,86,Air,Delivered,4/12/2025,4,,0
O-01156,1/22/2025,C088,P006,W2,1,Ground,Delivered,1/29/2025,7,,0
O-01157,2/23/2025,C098,P014,W3,93,Ground,In Transit,,,,0
O-01158,4/16/2025,C031,P004,W2,8,Freight,Pending,,,,0
O-01159,1/1/2025,C029,P006,W2,84,Air,Delivered,1/6/2025,5,,0
O-01160,4/8/2025,C084,P007,W2,47,Ground,Delivered,4/14/2025,6,,0
O-01161,2/19/2025,C030,P003,W1,28,Freight,Delivered,2/24/2025,5,,0
O-01162,6/23/2025,C075,P015,W3,7,Ground,In Transit,,,,0
O-01163,3/4/2025,C078,P011,W1,84,Freight,Pending,,,,0
O-01164,6/8/2025,C009,P008,W3,75,Ground,Pending,,,,0
O-01165,6/20/2025,C082,P014,W2,45,Ground,Delivered,6/24/2025,4,,0
O-01166,5/16/2025,C050,P014,W1,52,Air,In Transit,,,,0
O-01167,2/13/2025,C058,P002,W3,2,Ground,Pending,,,,0
O-01168,4/2/2025,C028,P002,W1,28,Freight,Delivered,4/6/2025,4,,0
O-01169,2/1/2025,C001,P013,W2,64,Freight,Delivered,2/7/2025,6,,0
O-01170,2/17/2025,C048,P004,W3,19,Air,In Transit,,,,0
O-01171,3/7/2025,C042,P009,W2,98,Freight,Pending,,,,0
O-01172,5/17/2025,C040,P006,W1,86,Ground,Delivered,5/19/2025,2,,0
O-01173,2/15/2025,C068,P004,W2,34,Air,In Transit,,,,0
O-01174,2/11/2025,C066,P014,W3,55,Freight,In Transit,,,,0
O-01175,1/4/2025,C089,P012,W1,78,Freight,Pending,,,,0
O-01176,1/22/2025,C062,P010,W3,73,Ground,In Transit,,,,0
O-01177,1/20/2025,C002,P003,W3,57,Ground,Delivered,1/22/2025,2,,0
O-01178,2/26/2025,C004,P007,W2,20,Air,In Transit,,,,0
O-01179,3/19/2025,C066,P014,W2,98,Ground,Pending,,,,0
O-01180,1/4/2025,C057,P009,W2,87,Air,In Transit,,,,0
O-01181,3/14/2025,C041,P010,W2,16,Air,In Transit,,,,0
O-01182,6/29/2025,C046,P011,W2,97,Ground,Delivered,7/4/2025,5,,0
O-01183,4/30/2025,C089,P013,W1,71,Ground,Pending,,,,0
O-01184,2/3/2025,C094,P007,W2,3,Air,Delivered,2/10/2025,7,,0
O-01185,4/12/2025,C015,P001,W2,13,Freight,In Transit,,,,0
O-01186,5/5/2025,C036,P003,W2,75,Air,Pending,,,,0
O-01187,1/4/2025,C075,P014,W3,71,Ground,Delivered,1/11/2025,7,,0
O-01188,6/1/2025,C084,P006,W1,67,Air,Delivered,6/3/2025,2,,0
O-01189,2/12/2025,C047,P006,W2,1,Air,In Transit,,,,0
O-01190,5/2/2025,C018,P013,W1,45,Ground,In Transit,,,,0
O-01191,3/13/2025,C034,P002,W3,50,Air,Pending,,,,0
O-01192,6/14/2025,C022,P008,W1,1,Air,Delivered,6/17/2025,3,,0
O-01193,2/20/2025,C051,P002,W1,14,Ground,Delivered,2/22/2025,2,,0
O-01194,4/1/2025,C040,P008,W3,27,Freight,Pending,,,,0
O-01195,2/10/2025,C035,P008,W1,52,Air,Pending,,,,0
O-01196,6/2/2025,C063,P014,W1,64,Freight,Pending,,,,0
O-01197,4/18/2025,C091,P004,W2,73,Freight,Pending,,,,0
O-01198,2/20/2025,C069,P010,W3,39,Ground,In Transit,,,,0
O-01199,2/23/2025,C046,P001,W3,64,Freight,In Transit,,,,0
O-01200,1/14/2025,C095,P002,W2,25,Ground,Pending,,,,0
O-01201,3/9/2025,C042,P002,W1,22,Air,Pending,,,,0
O-01202,5/13/2025,C007,P008,W3,61,Freight,In Transit,,,,0
O-01203,2/3/2025,C081,P009,W3,42,Freight,Pending,,,,0
O-01204,5/4/2025,C072,P010,W3,55,Freight,Delivered,5/10/2025,6,,0
O-01205,1/20/2025,C087,P008,W2,78,Air,In Transit,,,,0
O-01206,3/23/2025,C082,P003,W1,85,Ground,Pending,,,,0
O-01207,1/13/2025,C083,P005,W3,21,Freight,In Transit,,,,0
O-01208,6/14/2025,C005,P010,W3,52,Freight,Delivered,6/20/2025,6,,0
O-01209,6/8/2025,C037,P013,W2,78,Freight,Pending,,,,0
O-01210,5/17/2025,C023,P015,W3,93,Ground,In Transit,,,,0
O-01211,4/16/2025,C025,P013,W2,40,Air,Pending,,,,0
O-01212,3/22/2025,C017,P010,W1,13,Freight,Pending,,,,0
O-01213,4/10/2025,C060,P015,W3,79,Ground,Delivered,4/15/2025,5,,0
O-01214,3/3/2025,C038,P014,W1,15,Air,Delivered,3/10/2025,7,,0
O-01215,2/17/2025,C037,P010,W1,3,Freight,In Transit,,,,0
O-01216,2/7/2025,C066,P015,W2,16,Freight,In Transit,,,,0
O-01217,5/13/2025,C069,P011,W3,6,Ground,Pending,,,,0
O-01218,3/3/2025,C078,P008,W3,13,Freight,Delivered,3/5/2025,2,,0
O-01219,5/18/2025,C035,P007,W1,37,Air,Pending,,,,0
O-01220,2/21/2025,C048,P009,W2,31,Ground,Delivered,2/26/2025,5,,0
O-01221,4/20/2025,C098,P004,W3,66,Freight,Delivered,4/27/2025,7,,0
O-01222,2/26/2025,C089,P004,W2,2,Freight,Delivered,2/28/2025,2,,0
O-01223,1/31/2025,C055,P008,W2,47,Freight,In Transit,,,,0
O-01224,5/31/2025,C058,P002,W1,1,Freight,In Transit,,,,0
O-01225,1/20/2025,C076,P014,W1,35,Ground,Delivered,1/26/2025,6,,0
O-01226,4/29/2025,C002,P007,W1,28,Ground,Delivered,5/6/2025,7,,0
O-01227,4/13/2025,C100,P009,W2,11,Ground,Pending,,,,0
O-01228,6/21/2025,C030,P001,W2,59,Ground,Pending,,,,0
O-01229,2/19/2025,C052,P015,W1,47,Freight,Pending,,,,0
O-01230,4/24/2025,C059,P002,W2,46,Ground,In Transit,,,,0
O-01231,1/11/2025,C068,P012,W1,24,Ground,Delivered,1/15/2025,4,,0
O-01232,4/11/2025,C090,P014,W1,62,Freight,In Transit,,,,0
O-01233,1/6/2025,C072,P013,W2,78,Air,Pending,,,,0
O-01234,1/22/2025,C079,P007,W3,55,Air,Delivered,1/25/2025,3,,0
O-01235,3/12/2025,C004,P004,W3,20,Freight,In Transit,,,,0
O-01236,2/3/2025,C098,P004,W1,94,Ground,Pending,,,,0
O-01237,5/30/2025,C079,P008,W2,60,Freight,In Transit,,,,0
O-01238,3/5/2025,C023,P011,W3,91,Air,Pending,,,,0
O-01239,6/14/2025,C014,P015,W2,88,Freight,Delivered,6/18/2025,4,,0
O-01240,1/9/2025,C017,P011,W3,84,Air,Pending,,,,0
O-01241,6/8/2025,C011,P011,W2,31,Air,In Transit,,,,0
O-01242,4/25/2025,C015,P013,W1,53,Freight,In Transit,,,,0
O-01243,5/1/2025,C087,P007,W1,35,Air,Pending,,,,0
O-01244,6/10/2025,C060,P015,W2,65,Freight,In Transit,,,,0
O-01245,3/24/2025,C070,P011,W2,25,Ground,In Transit,,,,0
O-01246,3/22/2025,C003,P009,W1,87,Freight,In Transit,,,,0
O-01247,6/18/2025,C040,P010,W3,15,Ground,Delivered,6/25/2025,7,,0
O-01248,2/2/2025,C087,P003,W1,91,Air,In Transit,,,,0
O-01249,3/14/2025,C064,P009,W3,34,Air,Delivered,3/19/2025,5,,0
O-01250,4/5/2025,C080,P013,W1,61,Air,Delivered,4/11/2025,6,,0
O-01251,4/15/2025,C058,P008,W3,55,Ground,In Transit,,,,0
O-01252,2/7/2025,C063,P004,W1,91,Freight,In Transit,,,,0
O-01253,2/4/2025,C011,P006,W3,86,Freight,In Transit,,,,0
O-01254,6/9/2025,C019,P008,W2,87,Freight,In Transit,,,,0
O-01255,3/13/2025,C083,P006,W1,30,Air,In Transit,,,,0
O-01256,4/14/2025,C016,P008,W1,15,Air,Pending,,,,0
O-01257,2/15/2025,C025,P006,W2,90,Freight,Delivered,2/19/2025,4,,0
O-01258,1/25/2025,C012,P012,W2,81,Ground,Pending,,,,0
O-01259,3/5/2025,C066,P011,W1,39,Air,Delivered,3/12/2025,7,,0
O-01260,4/14/2025,C027,P009,W1,78,Freight,Pending,,,,0
O-01261,4/24/2025,C049,P011,W3,16,Freight,In Transit,,,,0
O-01262,2/3/2025,C049,P006,W2,85,Ground,In Transit,,,,0
O-01263,6/8/2025,C041,P013,W3,83,Air,Delivered,6/12/2025,4,,0
O-01264,5/18/2025,C013,P009,W2,27,Ground,Delivered,5/20/2025,2,,0
O-01265,1/3/2025,C015,P012,W1,97,Air,Pending,,,,0
O-01266,1/13/2025,C027,P002,W3,78,Freight,In Transit,,,,0
O-01267,2/25/2025,C065,P015,W3,27,Air,Pending,,,,0
O-01268,6/13/2025,C051,P007,W2,100,Air,Delivered,6/17/2025,4,,0
O-01269,3/15/2025,C019,P012,W1,66,Ground,In Transit,,,,0
O-01270,2/26/2025,C099,P004,W1,92,Freight,In Transit,,,,0
O-01271,1/4/2025,C082,P002,W2,89,Air,Pending,,,,0
O-01272,3/9/2025,C019,P014,W2,7,Ground,Pending,,,,0
O-01273,5/9/2025,C087,P004,W2,57,Air,In Transit,,,,0
O-01274,2/7/2025,C024,P011,W3,37,Freight,In Transit,,,,0
O-01275,3/28/2025,C044,P008,W3,98,Ground,In Transit,,,,0
O-01276,5/24/2025,C036,P005,W2,19,Freight,Pending,,,,0
O-01277,6/23/2025,C007,P004,W1,74,Freight,In Transit,,,,0
O-01278,4/21/2025,C036,P005,W1,16,Air,Delivered,4/26/2025,5,,0
O-01279,4/20/2025,C032,P008,W2,56,Ground,In Transit,,,,0
O-01280,2/9/2025,C084,P012,W1,3,Ground,Delivered,2/12/2025,3,,0
O-01281,6/23/2025,C011,P004,W1,48,Air,In Transit,,,,0
O-01282,1/19/2025,C077,P004,W3,40,Ground,Delivered,1/24/2025,5,,0
O-01283,4/14/2025,C094,P004,W3,20,Air,Pending,,,,0
O-01284,6/22/2025,C019,P010,W2,43,Air,Delivered,6/25/2025,3,,0
O-01285,2/3/2025,C095,P003,W3,96,Freight,Delivered,2/8/2025,5,,0
O-01286,4/17/2025,C092,P012,W3,35,Freight,In Transit,,,,0
O-01287,5/14/2025,C040,P004,W3,96,Freight,In Transit,,,,0
O-01288,4/24/2025,C038,P011,W3,44,Air,Delivered,4/29/2025,5,,0
O-01289,1/27/2025,C076,P004,W2,4,Air,In Transit,,,,0
O-01290,1/30/2025,C026,P013,W2,67,Freight,Pending,,,,0
O-01291,6/5/2025,C083,P014,W2,63,Freight,Pending,,,,0
O-01292,5/17/2025,C008,P010,W3,11,Freight,Delivered,5/23/2025,6,,0
O-01293,4/12/2025,C062,P012,W2,74,Freight,Pending,,,,0
O-01294,1/10/2025,C036,P001,W2,54,Freight,Pending,,,,0
O-01295,3/30/2025,C097,P007,W1,52,Air,Pending,,,,0
O-01296,3/5/2025,C046,P003,W1,10,Freight,Pending,,,,0
O-01297,4/1/2025,C056,P003,W2,84,Freight,In Transit,,,,0
O-01298,2/25/2025,C081,P010,W3,76,Freight,In Transit,,,,0
O-01299,5/14/2025,C041,P002,W3,53,Freight,Delivered,5/16/2025,2,,0
O-01300,1/23/2025,C058,P009,W1,90,Freight,In Transit,,,,0
O-01301,2/2/2025,C071,P005,W1,22,Ground,Pending,,,,0
O-01302,3/11/2025,C019,P001,W2,17,Freight,Pending,,,,0
O-01303,6/10/2025,C056,P002,W1,98,Air,Pending,,,,0
O-01304,6/14/2025,C032,P013,W3,17,Freight,Pending,,,,0
O-01305,1/7/2025,C045,P009,W2,16,Freight,Pending,,,,0
O-01306,3/8/2025,C025,P003,W1,52,Ground,In Transit,,,,0
O-01307,5/16/2025,C018,P001,W3,21,Freight,In Transit,,,,0
O-01308,4/20/2025,C014,P011,W1,35,Freight,In Transit,,,,0
O-01309,1/4/2025,C095,P013,W2,32,Ground,Pending,,,,0
O-01310,5/2/2025,C086,P002,W2,59,Freight,Pending,,,,0
O-01311,2/22/2025,C091,P013,W2,66,Freight,Pending,,,,0
O-01312,1/31/2025,C072,P012,W1,87,Freight,Pending,,,,0
O-01313,1/11/2025,C040,P007,W3,56,Ground,Delivered,1/14/2025,3,,0
O-01314,3/31/2025,C055,P009,W2,22,Ground,In Transit,,,,0
O-01315,5/18/2025,C035,P001,W2,40,Freight,Pending,,,,0
O-01316,1/1/2025,C051,P010,W3,9,Air,Delivered,1/6/2025,5,,0
O-01317,2/28/2025,C089,P012,W1,37,Ground,Delivered,3/6/2025,6,,0
O-01318,4/25/2025,C039,P009,W1,33,Ground,In Transit,,,,0
O-01319,5/9/2025,C044,P006,W3,45,Air,Pending,,,,0
O-01320,5/16/2025,C066,P004,W1,18,Air,Pending,,,,0
O-01321,2/17/2025,C025,P013,W1,7,Freight,In Transit,,,,0
O-01322,2/28/2025,C044,P009,W2,11,Ground,Pending,,,,0
O-01323,1/15/2025,C064,P001,W3,66,Ground,Pending,,,,0
O-01324,3/23/2025,C034,P010,W3,78,Ground,Pending,,,,0
O-01325,1/16/2025,C044,P008,W2,41,Air,In Transit,,,,0
O-01326,4/4/2025,C013,P012,W1,87,Air,Pending,,,,0
O-01327,1/8/2025,C033,P014,W3,68,Ground,Pending,,,,0
O-01328,3/22/2025,C055,P004,W3,17,Air,Delivered,3/24/2025,2,,0
O-01329,6/4/2025,C029,P013,W3,67,Ground,Pending,,,,0
O-01330,1/14/2025,C011,P015,W3,5,Ground,Pending,,,,0
O-01331,3/10/2025,C034,P003,W2,3,Ground,Pending,,,,0
O-01332,2/17/2025,C061,P009,W3,62,Freight,Delivered,2/22/2025,5,,0
O-01333,5/8/2025,C050,P012,W3,70,Ground,In Transit,,,,0
O-01334,3/23/2025,C055,P013,W1,11,Freight,Pending,,,,0
O-01335,3/3/2025,C037,P005,W1,75,Ground,In Transit,,,,0
O-01336,3/6/2025,C088,P008,W3,50,Freight,Delivered,3/11/2025,5,,0
O-01337,2/3/2025,C075,P001,W2,49,Ground,Delivered,2/8/2025,5,,0
O-01338,3/23/2025,C052,P015,W1,7,Ground,Pending,,,,0
O-01339,4/15/2025,C038,P001,W3,97,Freight,In Transit,,,,0
O-01340,3/21/2025,C057,P012,W1,46,Freight,Delivered,3/27/2025,6,,0
O-01341,4/19/2025,C064,P010,W1,97,Air,Pending,,,,0
O-01342,3/25/2025,C069,P012,W2,69,Ground,In Transit,,,,0
O-01343,1/28/2025,C100,P001,W2,97,Ground,In Transit,,,,0
O-01344,2/8/2025,C064,P013,W3,37,Ground,Pending,,,,0
O-01345,6/29/2025,C039,P009,W1,19,Air,Pending,,,,0
O-01346,4/26/2025,C018,P008,W3,27,Ground,Pending,,,,0
O-01347,5/11/2025,C057,P008,W2,61,Ground,In Transit,,,,0
O-01348,5/21/2025,C025,P011,W1,85,Air,In Transit,,,,0
O-01349,6/28/2025,C012,P010,W3,87,Freight,In Transit,,,,0
O-01350,1/6/2025,C029,P003,W3,66,Ground,In Transit,,,,0
O-01351,6/6/2025,C019,P014,W3,82,Freight,Pending,,,,0
O-01352,1/27/2025,C083,P007,W2,8,Air,In Transit,,,,0
O-01353,2/5/2025,C018,P003,W2,60,Ground,Pending,,,,0
O-01354,2/8/2025,C085,P013,W1,50,Freight,Delivered,2/13/2025,5,,0
O-01355,3/14/2025,C004,P010,W3,80,Freight,Pending,,,,0
O-01356,1/1/2025,C096,P007,W2,38,Ground,Pending,,,,0
O-01357,4/20/2025,C010,P013,W3,86,Freight,Pending,,,,0
O-01358,5/22/2025,C016,P006,W1,69,Air,Pending,,,,0
O-01359,4/2/2025,C013,P004,W2,96,Freight,In Transit,,,,0
O-01360,6/5/2025,C096,P008,W3,37,Ground,In Transit,,,,0
O-01361,5/7/2025,C026,P013,W2,49,Freight,In Transit,,,,0
O-01362,1/12/2025,C090,P013,W2,18,Freight,Delivered,1/18/2025,6,,0
O-01363,3/15/2025,C033,P011,W1,49,Air,In Transit,,,,0
O-01364,4/21/2025,C037,P009,W1,66,Freight,Pending,,,,0
O-01365,4/3/2025,C013,P001,W1,39,Air,Delivered,4/7/2025,4,,0
O-01366,6/6/2025,C028,P010,W1,89,Ground,Pending,,,,0
O-01367,5/16/2025,C022,P011,W1,14,Ground,Pending,,,,0
O-01368,2/27/2025,C009,P011,W3,85,Freight,Pending,,,,0
O-01369,2/20/2025,C050,P002,W3,80,Air,Delivered,2/22/2025,2,,0
O-01370,4/19/2025,C070,P003,W2,3,Ground,Delivered,4/26/2025,7,,0
O-01371,3/9/2025,C080,P006,W1,19,Air,Pending,,,,0
O-01372,1/6/2025,C045,P003,W1,89,Ground,Pending,,,,0
O-01373,5/23/2025,C023,P009,W2,69,Air,In Transit,,,,0
O-01374,6/8/2025,C048,P006,W1,95,Air,Delivered,6/11/2025,3,,0
O-01375,3/30/2025,C014,P007,W1,49,Air,In Transit,,,,0
O-01376,4/17/2025,C053,P005,W2,84,Air,Delivered,4/23/2025,6,,0
O-01377,4/24/2025,C037,P006,W1,28,Freight,In Transit,,,,0
O-01378,6/3/2025,C060,P003,W2,47,Ground,Delivered,6/9/2025,6,,0
O-01379,2/7/2025,C083,P012,W3,20,Ground,In Transit,,,,0
O-01380,5/30/2025,C054,P004,W1,19,Freight,Delivered,6/5/2025,6,,0
O-01381,5/16/2025,C035,P004,W3,90,Freight,Pending,,,,0
O-01382,4/18/2025,C034,P006,W1,9,Ground,In Transit,,,,0
O-01383,5/21/2025,C052,P004,W2,98,Freight,In Transit,,,,0
O-01384,5/19/2025,C019,P010,W1,58,Air,In Transit,,,,0
O-01385,2/4/2025,C069,P011,W2,57,Freight,Delivered,2/9/2025,5,,0
O-01386,5/1/2025,C015,P002,W1,52,Air,Delivered,5/7/2025,6,,0
O-01387,4/1/2025,C083,P006,W2,27,Air,In Transit,,,,0
O-01388,4/8/2025,C029,P009,W3,93,Air,In Transit,,,,0
O-01389,3/7/2025,C067,P006,W3,71,Ground,Delivered,3/11/2025,4,,0
O-01390,2/20/2025,C053,P007,W3,36,Air,In Transit,,,,0
O-01391,2/8/2025,C032,P011,W2,29,Ground,Pending,,,,0
O-01392,6/23/2025,C037,P009,W2,80,Ground,Delivered,6/30/2025,7,,0
O-01393,6/23/2025,C002,P014,W3,32,Air,Delivered,6/26/2025,3,,0
O-01394,6/14/2025,C034,P014,W2,69,Ground,Pending,,,,0
O-01395,4/2/2025,C089,P004,W3,96,Air,Pending,,,,0
O-01396,4/25/2025,C097,P012,W1,94,Ground,Delivered,5/2/2025,7,,0
O-01397,2/20/2025,C086,P011,W2,64,Ground,In Transit,,,,0
O-01398,6/23/2025,C060,P015,W1,9,Ground,Delivered,6/25/2025,2,,0
O-01399,2/21/2025,C018,P001,W2,63,Ground,In Transit,,,,0
O-01400,3/22/2025,C032,P013,W3,67,Ground,Delivered,3/27/2025,5,,0
O-01401,3/1/2025,C005,P014,W3,13,Air,Delivered,3/3/2025,2,,0
O-01402,4/26/2025,C014,P007,W1,71,Freight,Delivered,5/3/2025,7,,0
O-01403,4/17/2025,C027,P003,W2,69,Freight,Pending,,,,0
O-01404,4/19/2025,C016,P004,W2,22,Air,In Transit,,,,0
O-01405,1/7/2025,C087,P006,W1,53,Ground,Pending,,,,0
O-01406,1/4/2025,C010,P007,W3,77,Freight,In Transit,,,,0
O-01407,4/7/2025,C075,P013,W1,74,Ground,Pending,,,,0
O-01408,4/10/2025,C061,P005,W1,24,Air,In Transit,,,,0
O-01409,3/20/2025,C064,P014,W1,56,Ground,Delivered,3/24/2025,4,,0
O-01410,3/14/2025,C096,P007,W3,31,Freight,In Transit,,,,0
O-01411,3/11/2025,C066,P003,W3,40,Air,Pending,,,,0
O-01412,5/22/2025,C062,P004,W1,74,Ground,In Transit,,,,0
O-01413,3/23/2025,C009,P015,W1,56,Air,Pending,,,,0
O-01414,3/8/2025,C010,P003,W3,88,Ground,Delivered,3/12/2025,4,,0
O-01415,3/25/2025,C026,P002,W1,63,Freight,Delivered,3/31/2025,6,,0
O-01416,6/12/2025,C096,P015,W1,57,Freight,Delivered,6/18/2025,6,,0
O-01417,4/13/2025,C083,P013,W3,28,Air,Pending,,,,0
O-01418,2/11/2025,C064,P009,W1,79,Air,Pending,,,,0
O-01419,1/14/2025,C013,P013,W2,60,Freight,In Transit,,,,0
O-01420,1/10/2025,C097,P003,W2,50,Freight,Delivered,1/16/2025,6,,0
O-01421,2/6/2025,C078,P003,W3,77,Ground,Delivered,2/9/2025,3,,0
O-01422,1/13/2025,C069,P003,W1,34,Freight,Pending,,,,0
O-01423,4/5/2025,C029,P013,W1,31,Ground,In Transit,,,,0
O-01424,2/8/2025,C018,P009,W1,79,Ground,Pending,,,,0
O-01425,4/14/2025,C069,P013,W1,68,Air,In Transit,,,,0
O-01426,4/26/2025,C070,P007,W1,60,Air,In Transit,,,,0
O-01427,2/18/2025,C073,P002,W2,2,Ground,Pending,,,,0
O-01428,6/6/2025,C014,P004,W3,29,Freight,Pending,,,,0
O-01429,3/29/2025,C024,P001,W2,84,Ground,Delivered,4/4/2025,6,,0
O-01430,6/28/2025,C057,P010,W3,100,Freight,In Transit,,,,0
O-01431,4/14/2025,C030,P015,W3,98,Ground,Pending,,,,0
O-01432,5/23/2025,C039,P012,W1,68,Ground,In Transit,,,,0
O-01433,3/8/2025,C001,P007,W3,44,Air,Pending,,,,0
O-01434,4/22/2025,C024,P004,W3,52,Freight,Pending,,,,0
O-01435,6/5/2025,C052,P007,W2,7,Ground,Pending,,,,0
O-01436,5/3/2025,C013,P006,W1,49,Ground,In Transit,,,,0
O-01437,5/5/2025,C047,P001,W1,99,Ground,In Transit,,,,0
O-01438,6/15/2025,C023,P009,W2,65,Ground,Pending,,,,0
O-01439,1/28/2025,C027,P015,W1,10,Air,In Transit,,,,0
O-01440,1/31/2025,C040,P001,W2,13,Ground,In Transit,,,,0
O-01441,3/13/2025,C064,P005,W1,64,Air,Pending,,,,0
O-01442,3/4/2025,C013,P005,W2,3,Ground,Pending,,,,0
O-01443,4/13/2025,C078,P002,W1,90,Freight,In Transit,,,,0
O-01444,2/22/2025,C065,P004,W1,11,Ground,Delivered,2/26/2025,4,,0
O-01445,6/5/2025,C023,P001,W1,6,Air,Pending,,,,0
O-01446,4/4/2025,C002,P007,W3,1,Ground,In Transit,,,,0
O-01447,5/31/2025,C014,P002,W3,36,Air,In Transit,,,,0
O-01448,1/22/2025,C071,P009,W3,54,Ground,In Transit,,,,0
O-01449,1/10/2025,C092,P001,W2,7,Freight,Delivered,1/17/2025,7,,0
O-01450,1/14/2025,C048,P007,W2,53,Ground,In Transit,,,,0
O-01451,4/23/2025,C049,P010,W1,52,Air,In Transit,,,,0
O-01452,4/9/2025,C042,P009,W2,6,Freight,Pending,,,,0
O-01453,5/12/2025,C068,P008,W3,61,Freight,Delivered,5/19/2025,7,,0
O-01454,2/4/2025,C096,P014,W1,97,Ground,Delivered,2/6/2025,2,,0
O-01455,5/23/2025,C048,P008,W1,36,Air,Delivered,5/28/2025,5,,0
O-01456,2/25/2025,C059,P013,W3,11,Ground,In Transit,,,,0
O-01457,5/20/2025,C067,P012,W3,93,Freight,Delivered,5/24/2025,4,,0
O-01458,2/19/2025,C059,P008,W2,94,Air,Delivered,2/26/2025,7,,0
O-01459,3/9/2025,C095,P007,W1,47,Air,Delivered,3/14/2025,5,,0
O-01460,6/27/2025,C032,P005,W2,34,Freight,Delivered,7/3/2025,6,,0
O-01461,3/29/2025,C083,P015,W1,38,Air,Delivered,4/3/2025,5,,0
O-01462,3/21/2025,C050,P005,W1,63,Freight,Pending,,,,0
O-01463,2/24/2025,C053,P006,W1,40,Air,Pending,,,,0
O-01464,6/7/2025,C017,P005,W3,18,Ground,In Transit,,,,0
O-01465,1/25/2025,C035,P007,W2,70,Freight,Pending,,,,0
O-01466,1/14/2025,C049,P003,W2,2,Freight,Delivered,1/21/2025,7,,0
O-01467,6/29/2025,C046,P009,W3,64,Ground,Delivered,7/6/2025,7,,0
O-01468,5/15/2025,C056,P004,W2,37,Freight,Pending,,,,0
O-01469,4/5/2025,C019,P010,W1,67,Freight,Delivered,4/12/2025,7,,0
O-01470,3/28/2025,C088,P005,W1,48,Air,Pending,,,,0
O-01471,4/17/2025,C009,P002,W3,57,Air,Pending,,,,0
O-01472,5/31/2025,C003,P005,W1,54,Ground,In Transit,,,,0
O-01473,3/11/2025,C091,P014,W3,4,Air,Delivered,3/16/2025,5,,0
O-01474,5/10/2025,C051,P004,W3,75,Ground,In Transit,,,,0
O-01475,3/16/2025,C075,P007,W1,22,Air,In Transit,,,,0
O-01476,5/19/2025,C079,P012,W3,70,Freight,Pending,,,,0
O-01477,6/21/2025,C019,P010,W1,48,Air,In Transit,,,,0
O-01478,6/18/2025,C084,P005,W1,53,Freight,Delivered,6/20/2025,2,,0
O-01479,6/30/2025,C060,P002,W3,13,Ground,Delivered,7/6/2025,6,,0
O-01480,1/23/2025,C009,P001,W3,65,Freight,Pending,,,,0
O-01481,1/26/2025,C095,P002,W2,89,Freight,In Transit,,,,0
O-01482,5/31/2025,C005,P013,W1,15,Air,Pending,,,,0
O-01483,2/11/2025,C038,P002,W1,89,Air,Delivered,2/13/2025,2,,0
O-01484,2/15/2025,C098,P012,W1,86,Air,Pending,,,,0
O-01485,6/5/2025,C038,P008,W3,92,Freight,Pending,,,,0
O-01486,4/20/2025,C040,P003,W2,23,Air,Pending,,,,0
O-01487,6/24/2025,C012,P012,W3,73,Ground,In Transit,,,,0
O-01488,5/24/2025,C056,P003,W3,93,Freight,In Transit,,,,0
O-01489,1/24/2025,C022,P012,W3,40,Freight,Delivered,1/27/2025,3,,0
O-01490,6/24/2025,C039,P010,W2,89,Ground,Delivered,6/29/2025,5,,0
O-01491,1/29/2025,C009,P001,W3,100,Ground,Pending,,,,0
O-01492,4/7/2025,C094,P004,W3,1,Freight,Pending,,,,0
O-01493,4/2/2025,C038,P013,W3,56,Freight,In Transit,,,,0
O-01494,1/19/2025,C010,P012,W2,75,Freight,In Transit,,,,0
O-01495,4/9/2025,C072,P003,W2,83,Ground,Pending,,,,0
O-01496,1/12/2025,C075,P006,W2,51,Air,Pending,,,,0
O-01497,2/27/2025,C005,P010,W3,59,Freight,Delivered,3/5/2025,6,,0
O-01498,4/20/2025,C067,P013,W3,78,Air,Delivered,4/24/2025,4,,0
O-01499,5/26/2025,C024,P013,W3,79,Ground,In Transit,,,,0
O-01500,5/22/2025,C083,P001,W2,52,Air,Delivered,5/24/2025,2,,0
O-01501,1/9/2025,C042,P006,W1,44,Freight,Pending,,,,0
O-01502,1/26/2025,C094,P002,W2,13,Air,Pending,,,,0
O-01503,3/20/2025,C011,P002,W1,21,Ground,In Transit,,,,0
O-01504,4/7/2025,C098,P009,W1,84,Air,Delivered,4/13/2025,6,,0
O-01505,2/19/2025,C015,P012,W1,85,Ground,Delivered,2/21/2025,2,,0
O-01506,1/5/2025,C012,P005,W1,51,Ground,In Transit,,,,0
O-01507,4/27/2025,C019,P009,W1,2,Air,In Transit,,,,0
O-01508,6/17/2025,C034,P014,W1,83,Air,Delivered,6/22/2025,5,,0
O-01509,2/10/2025,C085,P007,W1,55,Freight,In Transit,,,,0
O-01510,4/18/2025,C013,P005,W3,18,Air,Delivered,4/25/2025,7,,0
O-01511,2/17/2025,C088,P007,W1,55,Ground,Delivered,2/23/2025,6,,0
O-01512,3/6/2025,C063,P011,W3,88,Freight,Pending,,,,0
O-01513,6/28/2025,C021,P013,W1,24,Freight,Pending,,,,0
O-01514,3/23/2025,C100,P012,W2,55,Ground,Delivered,3/28/2025,5,,0
O-01515,5/8/2025,C069,P013,W1,92,Freight,In Transit,,,,0
O-01516,3/5/2025,C019,P010,W1,95,Air,In Transit,,,,0
O-01517,5/26/2025,C020,P005,W1,87,Ground,Pending,,,,0
O-01518,4/12/2025,C066,P003,W1,98,Ground,In Transit,,,,0
O-01519,2/13/2025,C071,P009,W3,33,Ground,Pending,,,,0
O-01520,2/15/2025,C100,P006,W1,77,Freight,Pending,,,,0
O-01521,6/13/2025,C060,P011,W2,16,Freight,Pending,,,,0
O-01522,4/14/2025,C049,P011,W1,91,Ground,Delivered,4/18/2025,4,,0
O-01523,5/3/2025,C012,P013,W2,95,Freight,Delivered,5/8/2025,5,,0
O-01524,2/16/2025,C090,P015,W1,97,Freight,Pending,,,,0
O-01525,4/29/2025,C099,P001,W2,18,Freight,Delivered,5/3/2025,4,,0
O-01526,2/16/2025,C016,P008,W2,63,Air,In Transit,,,,0
O-01527,4/30/2025,C071,P014,W1,1,Air,Delivered,5/2/2025,2,,0
O-01528,4/23/2025,C096,P010,W3,29,Freight,In Transit,,,,0
O-01529,1/14/2025,C080,P013,W3,25,Ground,In Transit,,,,0
O-01530,1/14/2025,C045,P013,W1,8,Ground,In Transit,,,,0
O-01531,3/24/2025,C100,P002,W1,78,Air,In Transit,,,,0
O-01532,2/14/2025,C003,P008,W1,27,Air,Delivered,2/16/2025,2,,0
O-01533,2/17/2025,C004,P010,W2,6,Air,In Transit,,,,0
O-01534,4/10/2025,C069,P008,W3,100,Air,Delivered,4/17/2025,7,,0
O-01535,1/23/2025,C023,P012,W2,90,Air,Pending,,,,0
O-01536,1/28/2025,C031,P013,W2,9,Freight,In Transit,,,,0
O-01537,4/26/2025,C088,P006,W2,89,Air,Delivered,4/29/2025,3,,0
O-01538,5/12/2025,C094,P009,W1,45,Freight,Pending,,,,0
O-01539,4/15/2025,C060,P003,W3,12,Ground,Pending,,,,0
O-01540,3/22/2025,C085,P007,W3,85,Air,In Transit,,,,0
O-01541,2/11/2025,C084,P011,W3,36,Freight,In Transit,,,,0
O-01542,3/15/2025,C089,P009,W2,87,Freight,Pending,,,,0
O-01543,5/31/2025,C061,P014,W3,44,Freight,In Transit,,,,0
O-01544,5/9/2025,C095,P009,W2,10,Freight,Delivered,5/11/2025,2,,0
O-01545,6/7/2025,C066,P014,W3,95,Air,Pending,,,,0
O-01546,5/3/2025,C009,P004,W3,94,Freight,Pending,,,,0
O-01547,2/21/2025,C054,P008,W3,80,Ground,Delivered,2/26/2025,5,,0
O-01548,3/18/2025,C041,P011,W3,54,Freight,In Transit,,,,0
O-01549,4/1/2025,C054,P009,W3,95,Freight,Delivered,4/5/2025,4,,0
O-01550,1/7/2025,C058,P012,W3,87,Ground,Delivered,1/13/2025,6,,0
O-01551,6/10/2025,C028,P008,W2,63,Ground,Delivered,6/17/2025,7,,0
O-01552,5/25/2025,C092,P013,W3,17,Ground,In Transit,,,,0
O-01553,1/4/2025,C058,P008,W2,64,Air,Delivered,1/9/2025,5,,0
O-01554,5/22/2025,C057,P012,W1,69,Freight,Delivered,5/25/2025,3,,0
O-01555,3/20/2025,C099,P004,W2,36,Ground,In Transit,,,,0
O-01556,1/8/2025,C033,P014,W3,69,Freight,Pending,,,,0
O-01557,4/24/2025,C008,P005,W3,36,Air,Delivered,4/26/2025,2,,0
O-01558,2/26/2025,C020,P005,W2,32,Freight,Pending,,,,0
O-01559,5/4/2025,C013,P010,W1,30,Air,Delivered,5/11/2025,7,,0
O-01560,2/27/2025,C086,P010,W3,41,Ground,In Transit,,,,0
O-01561,6/29/2025,C049,P001,W2,12,Air,Delivered,7/3/2025,4,,0
O-01562,1/20/2025,C056,P010,W1,49,Ground,Delivered,1/25/2025,5,,0
O-01563,5/18/2025,C069,P015,W1,88,Ground,Delivered,5/23/2025,5,,0
O-01564,3/12/2025,C059,P009,W2,38,Ground,Delivered,3/16/2025,4,,0
O-01565,2/18/2025,C034,P010,W3,43,Ground,Pending,,,,0
O-01566,5/15/2025,C062,P002,W1,42,Air,Pending,,,,0
O-01567,3/25/2025,C072,P001,W2,41,Freight,Pending,,,,0
O-01568,5/18/2025,C011,P001,W3,49,Ground,Delivered,5/21/2025,3,,0
O-01569,1/26/2025,C082,P004,W3,5,Air,In Transit,,,,0
O-01570,6/10/2025,C015,P013,W2,91,Air,Delivered,6/17/2025,7,,0
O-01571,4/27/2025,C042,P011,W3,9,Ground,Pending,,,,0
O-01572,3/14/2025,C075,P006,W3,3,Freight,Delivered,3/17/2025,3,,0
O-01573,6/2/2025,C037,P010,W2,81,Ground,In Transit,,,,0
O-01574,4/8/2025,C059,P012,W3,63,Air,Delivered,4/12/2025,4,,0
O-01575,3/30/2025,C063,P013,W3,30,Freight,Pending,,,,0
O-01576,6/16/2025,C089,P012,W1,56,Ground,In Transit,,,,0
O-01577,1/18/2025,C044,P010,W1,2,Ground,In Transit,,,,0
O-01578,4/13/2025,C033,P004,W3,72,Air,Delivered,4/17/2025,4,,0
O-01579,2/22/2025,C068,P001,W2,7,Ground,Pending,,,,0
O-01580,6/15/2025,C051,P002,W2,25,Freight,Pending,,,,0
O-01581,3/4/2025,C063,P008,W3,21,Freight,Pending,,,,0
O-01582,3/16/2025,C044,P001,W2,52,Freight,Pending,,,,0
O-01583,2/26/2025,C020,P014,W3,46,Freight,In Transit,,,,0
O-01584,6/20/2025,C086,P011,W3,73,Freight,Delivered,6/27/2025,7,,0
O-01585,6/19/2025,C011,P006,W2,63,Ground,Pending,,,,0
O-01586,6/29/2025,C006,P001,W3,75,Freight,In Transit,,,,0
O-01587,2/12/2025,C052,P012,W3,7,Air,Pending,,,,0
O-01588,1/25/2025,C089,P010,W2,3,Ground,In Transit,,,,0
O-01589,3/9/2025,C004,P007,W3,95,Freight,Pending,,,,0
O-01590,3/16/2025,C053,P013,W2,37,Ground,Pending,,,,0
O-01591,2/3/2025,C002,P002,W3,39,Ground,In Transit,,,,0
O-01592,3/6/2025,C055,P011,W3,4,Air,In Transit,,,,0
O-01593,3/8/2025,C098,P007,W3,42,Freight,In Transit,,,,0
O-01594,1/29/2025,C090,P001,W2,27,Freight,Pending,,,,0
O-01595,2/1/2025,C007,P008,W2,7,Air,In Transit,,,,0
O-01596,6/1/2025,C025,P010,W1,90,Air,Delivered,6/4/2025,3,,0
O-01597,6/3/2025,C037,P007,W2,86,Air,Pending,,,,0
O-01598,3/5/2025,C020,P003,W1,29,Ground,Pending,,,,0
O-01599,3/21/2025,C030,P003,W3,21,Air,Pending,,,,0
O-01600,5/8/2025,C094,P008,W1,73,Freight,In Transit,,,,0
O-01601,6/29/2025,C071,P002,W1,55,Ground,Pending,,,,0
O-01602,4/21/2025,C049,P011,W3,30,Freight,In Transit,,,,0
O-01603,5/26/2025,C063,P008,W3,2,Air,Pending,,,,0
O-01604,2/17/2025,C065,P002,W3,75,Ground,Delivered,2/19/2025,2,,0
O-01605,4/25/2025,C024,P011,W1,13,Ground,Delivered,4/29/2025,4,,0
O-01606,5/15/2025,C055,P001,W1,14,Ground,In Transit,,,,0
O-01607,4/23/2025,C064,P009,W3,53,Air,In Transit,,,,0
O-01608,2/9/2025,C066,P008,W3,95,Freight,Delivered,2/15/2025,6,,0
O-01609,1/28/2025,C082,P012,W1,94,Air,Delivered,2/2/2025,5,,0
O-01610,1/16/2025,C049,P010,W3,98,Air,Pending,,,,0
O-01611,3/26/2025,C063,P005,W3,39,Air,Pending,,,,0
O-01612,2/21/2025,C090,P009,W3,49,Ground,In Transit,,,,0
O-01613,6/6/2025,C056,P006,W2,5,Freight,In Transit,,,,0
O-01614,5/2/2025,C033,P013,W3,71,Ground,Delivered,5/9/2025,7,,0
O-01615,4/20/2025,C080,P015,W1,82,Ground,Delivered,4/27/2025,7,,0
O-01616,4/24/2025,C037,P001,W3,39,Freight,Delivered,4/29/2025,5,,0
O-01617,2/20/2025,C062,P013,W3,54,Freight,Delivered,2/23/2025,3,,0
O-01618,4/23/2025,C030,P014,W3,92,Freight,In Transit,,,,0
O-01619,3/18/2025,C029,P014,W2,36,Freight,Delivered,3/24/2025,6,,0
O-01620,5/30/2025,C038,P009,W2,64,Air,In Transit,,,,0
O-01621,3/9/2025,C058,P004,W3,69,Freight,In Transit,,,,0
O-01622,1/31/2025,C009,P014,W2,56,Freight,Pending,,,,0
O-01623,1/19/2025,C089,P003,W2,8,Air,Pending,,,,0
O-01624,2/25/2025,C050,P002,W3,82,Ground,Delivered,3/3/2025,6,,0
O-01625,5/9/2025,C002,P005,W1,53,Ground,Delivered,5/16/2025,7,,0
O-01626,5/1/2025,C013,P015,W1,88,Freight,Pending,,,,0
O-01627,3/8/2025,C043,P001,W1,100,Air,In Transit,,,,0
O-01628,1/31/2025,C002,P007,W1,87,Ground,Delivered,2/3/2025,3,,0
O-01629,1/26/2025,C025,P006,W1,42,Ground,In Transit,,,,0
O-01630,2/13/2025,C071,P013,W2,60,Freight,Delivered,2/18/2025,5,,0
O-01631,2/26/2025,C081,P014,W2,5,Ground,In Transit,,,,0
O-01632,3/28/2025,C090,P012,W3,95,Freight,Delivered,3/30/2025,2,,0
O-01633,5/7/2025,C057,P006,W1,43,Ground,Delivered,5/14/2025,7,,0
O-01634,2/23/2025,C047,P014,W2,18,Ground,Delivered,2/28/2025,5,,0
O-01635,5/12/2025,C086,P005,W2,12,Freight,In Transit,,,,0
O-01636,5/21/2025,C072,P013,W3,10,Air,In Transit,,,,0
O-01637,5/15/2025,C099,P004,W1,37,Freight,Delivered,5/18/2025,3,,0
O-01638,5/3/2025,C008,P002,W1,59,Ground,Delivered,5/6/2025,3,,0
O-01639,2/26/2025,C028,P008,W3,46,Air,In Transit,,,,0
O-01640,3/9/2025,C056,P002,W3,12,Ground,Delivered,3/16/2025,7,,0
O-01641,1/27/2025,C090,P005,W2,64,Ground,In Transit,,,,0
O-01642,5/28/2025,C050,P008,W2,16,Air,Pending,,,,0
O-01643,1/4/2025,C024,P010,W1,29,Freight,Pending,,,,0
O-01644,6/16/2025,C011,P003,W3,86,Freight,Pending,,,,0
O-01645,3/25/2025,C085,P009,W1,71,Freight,Delivered,3/29/2025,4,,0
O-01646,3/4/2025,C008,P012,W3,67,Ground,Pending,,,,0
O-01647,4/14/2025,C037,P001,W1,29,Ground,In Transit,,,,0
O-01648,4/30/2025,C048,P006,W1,39,Ground,Delivered,5/5/2025,5,,0
O-01649,6/3/2025,C010,P010,W3,31,Ground,In Transit,,,,0
O-01650,6/5/2025,C093,P005,W2,88,Ground,Pending,,,,0
O-01651,3/27/2025,C076,P007,W1,88,Air,Delivered,4/1/2025,5,,0
O-01652,2/14/2025,C024,P008,W2,69,Ground,Pending,,,,0
O-01653,5/31/2025,C073,P008,W2,58,Freight,Delivered,6/7/2025,7,,0
O-01654,3/28/2025,C041,P006,W3,98,Ground,Pending,,,,0
O-01655,2/7/2025,C022,P012,W1,82,Ground,In Transit,,,,0
O-01656,2/23/2025,C009,P013,W3,80,Ground,Delivered,3/1/2025,6,,0
O-01657,5/3/2025,C056,P007,W3,23,Air,Pending,,,,0
O-01658,4/5/2025,C043,P007,W1,57,Freight,Pending,,,,0
O-01659,6/21/2025,C051,P010,W3,55,Air,Pending,,,,0
O-01660,2/20/2025,C007,P002,W3,49,Freight,Delivered,2/23/2025,3,,0
O-01661,3/8/2025,C076,P013,W3,29,Freight,Delivered,3/10/2025,2,,0
O-01662,6/26/2025,C025,P013,W2,51,Air,In Transit,,,,0
O-01663,5/22/2025,C094,P010,W3,73,Ground,Delivered,5/28/2025,6,,0
O-01664,3/17/2025,C089,P003,W2,19,Air,In Transit,,,,0
O-01665,4/6/2025,C031,P011,W2,70,Air,Delivered,4/10/2025,4,,0
O-01666,5/23/2025,C036,P012,W1,47,Air,In Transit,,,,0
O-01667,1/23/2025,C081,P014,W1,33,Freight,Delivered,1/26/2025,3,,0
O-01668,6/5/2025,C080,P013,W2,7,Ground,Pending,,,,0
O-01669,6/6/2025,C028,P013,W2,67,Freight,Delivered,6/9/2025,3,,0
O-01670,3/7/2025,C088,P011,W3,70,Freight,Delivered,3/12/2025,5,,0
O-01671,6/8/2025,C099,P012,W1,31,Air,Delivered,6/14/2025,6,,0
O-01672,5/14/2025,C082,P005,W1,32,Freight,Pending,,,,0
O-01673,6/2/2025,C047,P004,W2,85,Ground,Pending,,,,0
O-01674,6/18/2025,C004,P014,W1,97,Freight,In Transit,,,,0
O-01675,5/13/2025,C066,P011,W1,48,Freight,Delivered,5/18/2025,5,,0
O-01676,4/7/2025,C019,P004,W2,34,Ground,Pending,,,,0
O-01677,6/11/2025,C006,P002,W3,13,Air,Delivered,6/14/2025,3,,0
O-01678,4/14/2025,C087,P012,W1,32,Ground,Delivered,4/19/2025,5,,0
O-01679,4/23/2025,C024,P009,W1,59,Ground,Pending,,,,0
O-01680,2/4/2025,C089,P010,W3,42,Ground,Pending,,,,0
O-01681,2/16/2025,C069,P002,W1,47,Ground,Pending,,,,0
O-01682,5/7/2025,C081,P002,W2,50,Ground,Pending,,,,0
O-01683,2/7/2025,C019,P004,W3,70,Air,Delivered,2/13/2025,6,,0
O-01684,2/24/2025,C041,P006,W1,31,Air,Pending,,,,0
O-01685,3/15/2025,C063,P010,W1,57,Ground,Delivered,3/18/2025,3,,0
O-01686,6/1/2025,C022,P005,W3,92,Freight,In Transit,,,,0
O-01687,6/19/2025,C047,P007,W2,53,Ground,Delivered,6/24/2025,5,,0
O-01688,6/27/2025,C061,P004,W1,52,Air,Pending,,,,0
O-01689,2/10/2025,C096,P014,W3,65,Air,Delivered,2/15/2025,5,,0
O-01690,3/24/2025,C013,P010,W2,84,Ground,In Transit,,,,0
O-01691,2/19/2025,C074,P002,W3,61,Ground,Delivered,2/22/2025,3,,0
O-01692,2/24/2025,C001,P015,W3,25,Ground,Delivered,2/27/2025,3,,0
O-01693,5/30/2025,C008,P003,W3,35,Freight,In Transit,,,,0
O-01694,3/7/2025,C083,P013,W2,15,Air,In Transit,,,,0
O-01695,4/16/2025,C043,P004,W3,22,Ground,In Transit,,,,0
O-01696,3/30/2025,C020,P015,W1,79,Freight,Pending,,,,0
O-01697,5/10/2025,C059,P006,W2,7,Ground,Pending,,,,0
O-01698,3/7/2025,C014,P001,W3,69,Freight,Delivered,3/10/2025,3,,0
O-01699,6/8/2025,C063,P003,W1,43,Freight,Pending,,,,0
O-01700,1/18/2025,C007,P009,W2,41,Ground,In Transit,,,,0
O-01701,3/18/2025,C018,P004,W1,65,Ground,Delivered,3/22/2025,4,,0
O-01702,4/2/2025,C078,P003,W2,69,Ground,In Transit,,,,0
O-01703,1/18/2025,C008,P008,W2,51,Air,In Transit,,,,0
O-01704,1/5/2025,C025,P015,W2,62,Air,Pending,,,,0
O-01705,3/5/2025,C023,P008,W1,65,Air,Pending,,,,0
O-01706,4/11/2025,C036,P010,W3,55,Ground,In Transit,,,,0
O-01707,6/12/2025,C077,P012,W2,9,Air,In Transit,,,,0
O-01708,6/20/2025,C028,P005,W1,52,Ground,In Transit,,,,0
O-01709,5/4/2025,C031,P011,W3,78,Ground,Pending,,,,0
O-01710,5/18/2025,C035,P010,W1,8,Freight,Delivered,5/23/2025,5,,0
O-01711,1/31/2025,C048,P005,W1,20,Freight,Pending,,,,0
O-01712,3/1/2025,C054,P012,W3,48,Ground,In Transit,,,,0
O-01713,4/27/2025,C043,P003,W1,88,Air,Pending,,,,0
O-01714,5/21/2025,C016,P005,W3,35,Freight,In Transit,,,,0
O-01715,4/26/2025,C077,P003,W2,76,Ground,Delivered,4/28/2025,2,,0
O-01716,4/1/2025,C021,P003,W3,90,Ground,Delivered,4/6/2025,5,,0
O-01717,4/16/2025,C084,P015,W2,56,Ground,Pending,,,,0
O-01718,3/3/2025,C077,P011,W3,92,Freight,Pending,,,,0
O-01719,5/6/2025,C034,P003,W2,78,Freight,Pending,,,,0
O-01720,6/15/2025,C019,P007,W3,93,Ground,In Transit,,,,0
O-01721,6/26/2025,C081,P009,W3,13,Air,Delivered,6/29/2025,3,,0
O-01722,6/21/2025,C029,P015,W3,79,Ground,Delivered,6/26/2025,5,,0
O-01723,1/2/2025,C065,P004,W3,44,Air,In Transit,,,,0
O-01724,1/23/2025,C056,P015,W1,86,Air,Delivered,1/30/2025,7,,0
O-01725,6/16/2025,C050,P010,W3,80,Freight,In Transit,,,,0
O-01726,4/12/2025,C010,P008,W3,96,Freight,Delivered,4/14/2025,2,,0
O-01727,3/24/2025,C013,P002,W2,97,Air,In Transit,,,,0
O-01728,2/2/2025,C065,P009,W1,89,Freight,Delivered,2/6/2025,4,,0
O-01729,5/18/2025,C070,P001,W3,67,Ground,In Transit,,,,0
O-01730,6/2/2025,C086,P005,W1,94,Freight,Pending,,,,0
O-01731,6/15/2025,C078,P005,W1,87,Air,Delivered,6/17/2025,2,,0
O-01732,3/10/2025,C013,P009,W1,17,Ground,In Transit,,,,0
O-01733,2/11/2025,C078,P006,W2,86,Air,Delivered,2/16/2025,5,,0
O-01734,2/9/2025,C014,P003,W1,91,Air,Delivered,2/13/2025,4,,0
O-01735,2/12/2025,C093,P011,W3,1,Air,Delivered,2/16/2025,4,,0
O-01736,4/6/2025,C099,P013,W3,18,Freight,In Transit,,,,0
O-01737,2/15/2025,C009,P014,W2,91,Freight,In Transit,,,,0
O-01738,6/1/2025,C043,P013,W2,2,Air,In Transit,,,,0
O-01739,4/8/2025,C008,P012,W2,95,Freight,Delivered,4/11/2025,3,,0
O-01740,5/28/2025,C066,P013,W3,66,Ground,Delivered,6/1/2025,4,,0
O-01741,6/6/2025,C031,P005,W1,78,Air,In Transit,,,,0
O-01742,5/14/2025,C004,P006,W3,53,Air,Delivered,5/20/2025,6,,0
O-01743,1/16/2025,C037,P005,W3,78,Freight,In Transit,,,,0
O-01744,1/24/2025,C002,P004,W1,85,Ground,In Transit,,,,0
O-01745,3/17/2025,C088,P013,W2,55,Ground,Delivered,3/24/2025,7,,0
O-01746,4/1/2025,C064,P012,W1,83,Air,Pending,,,,0
O-01747,1/5/2025,C020,P010,W3,92,Air,In Transit,,,,0
O-01748,3/7/2025,C091,P001,W1,75,Ground,In Transit,,,,0
O-01749,4/23/2025,C069,P004,W3,61,Air,Pending,,,,0
O-01750,4/30/2025,C043,P009,W2,7,Air,In Transit,,,,0
O-01751,3/1/2025,C029,P005,W2,62,Freight,Pending,,,,0
O-01752,3/27/2025,C054,P003,W2,53,Freight,Delivered,4/3/2025,7,,0
O-01753,1/5/2025,C087,P013,W3,3,Freight,In Transit,,,,0
O-01754,2/25/2025,C025,P015,W3,12,Air,Delivered,2/28/2025,3,,0
O-01755,1/12/2025,C071,P013,W3,53,Freight,Pending,,,,0
O-01756,5/22/2025,C072,P001,W1,57,Ground,Pending,,,,0
O-01757,2/18/2025,C017,P004,W2,39,Air,In Transit,,,,0
O-01758,2/5/2025,C083,P014,W3,35,Air,Delivered,2/10/2025,5,,0
O-01759,2/17/2025,C045,P007,W1,43,Freight,Pending,,,,0
O-01760,3/14/2025,C019,P012,W2,55,Freight,In Transit,,,,0
O-01761,5/30/2025,C070,P005,W3,60,Air,Delivered,6/2/2025,3,,0
O-01762,4/30/2025,C085,P015,W2,63,Freight,In Transit,,,,0
O-01763,3/29/2025,C001,P008,W1,15,Ground,In Transit,,,,0
O-01764,3/7/2025,C041,P013,W1,48,Freight,Pending,,,,0
O-01765,5/25/2025,C049,P003,W1,88,Air,Delivered,5/28/2025,3,,0
O-01766,6/12/2025,C061,P011,W1,11,Freight,Pending,,,,0
O-01767,5/22/2025,C080,P008,W3,95,Air,Pending,,,,0
O-01768,1/27/2025,C090,P005,W1,99,Air,In Transit,,,,0
O-01769,6/7/2025,C077,P005,W2,16,Ground,Pending,,,,0
O-01770,3/10/2025,C090,P001,W3,84,Freight,Pending,,,,0
O-01771,1/23/2025,C057,P003,W1,88,Freight,In Transit,,,,0
O-01772,4/11/2025,C043,P012,W2,88,Freight,Delivered,4/18/2025,7,,0
O-01773,3/25/2025,C011,P008,W3,34,Freight,Pending,,,,0
O-01774,4/20/2025,C003,P015,W3,83,Ground,Delivered,4/22/2025,2,,0
O-01775,5/12/2025,C081,P005,W3,36,Air,Pending,,,,0
O-01776,4/25/2025,C014,P007,W2,41,Air,Delivered,4/28/2025,3,,0
O-01777,5/25/2025,C015,P012,W3,73,Freight,In Transit,,,,0
O-01778,1/24/2025,C099,P015,W2,82,Air,Pending,,,,0
O-01779,6/27/2025,C056,P015,W3,88,Freight,Delivered,7/1/2025,4,,0
O-01780,3/30/2025,C085,P010,W3,69,Ground,Pending,,,,0
O-01781,4/22/2025,C049,P005,W1,46,Freight,In Transit,,,,0
O-01782,1/6/2025,C027,P009,W3,37,Air,In Transit,,,,0
O-01783,4/15/2025,C078,P002,W1,87,Ground,Pending,,,,0
O-01784,4/22/2025,C070,P005,W1,66,Air,Pending,,,,0
O-01785,1/25/2025,C011,P011,W3,97,Air,In Transit,,,,0
O-01786,5/14/2025,C043,P014,W2,25,Freight,In Transit,,,,0
O-01787,5/6/2025,C003,P011,W1,35,Freight,In Transit,,,,0
O-01788,3/8/2025,C039,P014,W3,8,Air,Pending,,,,0
O-01789,6/21/2025,C028,P006,W2,46,Freight,Pending,,,,0
O-01790,2/14/2025,C043,P015,W2,17,Air,Pending,,,,0
O-01791,3/9/2025,C099,P013,W1,37,Ground,In Transit,,,,0
O-01792,3/20/2025,C012,P002,W2,25,Air,Pending,,,,0
O-01793,1/17/2025,C066,P007,W2,96,Air,Delivered,1/23/2025,6,,0
O-01794,2/6/2025,C043,P004,W1,55,Ground,Delivered,2/12/2025,6,,0
O-01795,5/10/2025,C018,P008,W3,49,Ground,Pending,,,,0
O-01796,3/26/2025,C061,P006,W3,26,Freight,In Transit,,,,0
O-01797,6/3/2025,C081,P009,W2,22,Freight,Delivered,6/7/2025,4,,0
O-01798,5/5/2025,C023,P007,W3,39,Ground,Pending,,,,0
O-01799,6/18/2025,C035,P010,W3,42,Freight,Pending,,,,0
O-01800,4/6/2025,C050,P006,W2,10,Freight,In Transit,,,,0
O-01801,6/7/2025,C014,P001,W1,4,Freight,Delivered,6/14/2025,7,,0
O-01802,6/8/2025,C011,P002,W1,8,Freight,In Transit,,,,0
O-01803,5/24/2025,C091,P001,W1,90,Ground,In Transit,,,,0
O-01804,6/19/2025,C060,P012,W1,69,Freight,Pending,,,,0
O-01805,6/15/2025,C014,P015,W3,3,Air,Pending,,,,0
O-01806,6/8/2025,C100,P009,W2,95,Freight,In Transit,,,,0
O-01807,5/15/2025,C011,P003,W1,32,Freight,Delivered,5/18/2025,3,,0
O-01808,2/10/2025,C039,P014,W2,28,Air,Pending,,,,0
O-01809,3/27/2025,C032,P010,W3,6,Freight,Delivered,3/29/2025,2,,0
O-01810,4/19/2025,C072,P010,W1,8,Ground,In Transit,,,,0
O-01811,3/22/2025,C029,P015,W1,95,Ground,Delivered,3/28/2025,6,,0
O-01812,2/22/2025,C062,P001,W2,74,Ground,In Transit,,,,0
O-01813,1/10/2025,C031,P012,W1,64,Freight,Pending,,,,0
O-01814,2/1/2025,C040,P014,W3,23,Freight,Delivered,2/5/2025,4,,0
O-01815,3/21/2025,C091,P005,W1,14,Air,Pending,,,,0
O-01816,1/12/2025,C043,P010,W2,90,Ground,Pending,,,,0
O-01817,5/18/2025,C053,P007,W1,46,Ground,In Transit,,,,0
O-01818,5/9/2025,C093,P013,W3,39,Air,Pending,,,,0
O-01819,4/13/2025,C051,P004,W2,95,Freight,Delivered,4/17/2025,4,,0
O-01820,3/11/2025,C048,P012,W2,36,Ground,In Transit,,,,0
O-01821,1/5/2025,C041,P010,W2,69,Air,Delivered,1/10/2025,5,,0
O-01822,6/21/2025,C072,P001,W3,79,Air,Pending,,,,0
O-01823,5/23/2025,C099,P002,W3,7,Air,Delivered,5/25/2025,2,,0
O-01824,6/20/2025,C002,P008,W1,86,Ground,Delivered,6/25/2025,5,,0
O-01825,2/19/2025,C018,P002,W1,19,Ground,In Transit,,,,0
O-01826,3/11/2025,C059,P009,W3,81,Ground,Pending,,,,0
O-01827,2/4/2025,C030,P002,W3,81,Ground,Delivered,2/9/2025,5,,0
O-01828,3/7/2025,C086,P012,W2,63,Ground,In Transit,,,,0
O-01829,2/5/2025,C074,P003,W1,94,Freight,In Transit,,,,0
O-01830,3/17/2025,C051,P008,W2,21,Freight,Pending,,,,0
O-01831,2/20/2025,C078,P006,W3,64,Ground,In Transit,,,,0
O-01832,4/11/2025,C021,P005,W3,68,Ground,Delivered,4/14/2025,3,,0
O-01833,2/17/2025,C099,P007,W3,92,Freight,In Transit,,,,0
O-01834,3/8/2025,C009,P011,W2,68,Air,Pending,,,,0
O-01835,1/4/2025,C053,P012,W1,39,Air,Pending,,,,0
O-01836,6/26/2025,C056,P001,W3,31,Ground,Delivered,6/29/2025,3,,0
O-01837,2/28/2025,C049,P003,W1,52,Freight,Pending,,,,0
O-01838,1/1/2025,C098,P011,W2,13,Ground,In Transit,,,,0
O-01839,4/20/2025,C042,P010,W1,20,Air,Delivered,4/26/2025,6,,0
O-01840,3/30/2025,C026,P002,W3,7,Air,In Transit,,,,0
O-01841,6/25/2025,C057,P012,W1,10,Freight,In Transit,,,,0
O-01842,3/30/2025,C019,P005,W1,42,Ground,Pending,,,,0
O-01843,6/11/2025,C042,P011,W3,26,Freight,Delivered,6/15/2025,4,,0
O-01844,5/27/2025,C009,P013,W2,96,Freight,Delivered,5/30/2025,3,,0
O-01845,3/13/2025,C029,P007,W3,39,Freight,Delivered,3/15/2025,2,,0
O-01846,5/6/2025,C002,P004,W1,40,Air,Pending,,,,0
O-01847,5/25/2025,C075,P012,W2,31,Ground,Pending,,,,0
O-01848,5/28/2025,C010,P011,W1,77,Air,In Transit,,,,0
O-01849,1/23/2025,C063,P011,W2,60,Ground,Pending,,,,0
O-01850,5/16/2025,C064,P004,W1,12,Air,Pending,,,,0
O-01851,1/28/2025,C005,P005,W2,48,Air,Delivered,1/31/2025,3,,0
O-01852,3/9/2025,C012,P006,W1,9,Freight,In Transit,,,,0
O-01853,4/24/2025,C050,P005,W2,57,Freight,In Transit,,,,0
O-01854,5/19/2025,C045,P010,W2,73,Air,Pending,,,,0
O-01855,4/11/2025,C065,P010,W3,26,Air,Pending,,,,0
O-01856,4/6/2025,C020,P002,W3,22,Freight,In Transit,,,,0
O-01857,5/9/2025,C074,P012,W1,38,Ground,In Transit,,,,0
O-01858,3/19/2025,C035,P004,W1,22,Freight,Delivered,3/25/2025,6,,0
O-01859,4/1/2025,C030,P014,W1,7,Ground,Delivered,4/7/2025,6,,0
O-01860,1/6/2025,C032,P007,W2,83,Freight,In Transit,,,,0
O-01861,6/26/2025,C016,P007,W2,10,Freight,Pending,,,,0
O-01862,6/3/2025,C057,P003,W3,64,Freight,In Transit,,,,0
O-01863,3/31/2025,C036,P009,W2,8,Ground,Delivered,4/2/2025,2,,0
O-01864,6/4/2025,C075,P001,W1,98,Ground,Pending,,,,0
O-01865,1/13/2025,C047,P008,W1,54,Freight,Delivered,1/18/2025,5,,0
O-01866,1/11/2025,C059,P004,W3,87,Air,In Transit,,,,0
O-01867,1/15/2025,C034,P015,W1,23,Freight,In Transit,,,,0
O-01868,1/14/2025,C059,P006,W3,48,Ground,Delivered,1/18/2025,4,,0
O-01869,1/28/2025,C063,P013,W1,30,Freight,Pending,,,,0
O-01870,1/29/2025,C096,P009,W2,90,Air,In Transit,,,,0
O-01871,3/2/2025,C053,P012,W1,76,Freight,Delivered,3/5/2025,3,,0
O-01872,3/7/2025,C066,P015,W3,77,Air,In Transit,,,,0
O-01873,1/8/2025,C040,P006,W2,37,Freight,Delivered,1/15/2025,7,,0
O-01874,5/23/2025,C066,P007,W1,9,Air,Delivered,5/26/2025,3,,0
O-01875,6/23/2025,C007,P009,W3,8,Air,In Transit,,,,0
O-01876,5/14/2025,C088,P014,W3,38,Ground,Pending,,,,0
O-01877,4/30/2025,C091,P003,W2,1,Air,In Transit,,,,0
O-01878,4/26/2025,C003,P001,W3,78,Air,In Transit,,,,0
O-01879,4/21/2025,C057,P012,W1,42,Freight,Delivered,4/24/2025,3,,0
O-01880,5/18/2025,C011,P012,W2,23,Air,In Transit,,,,0
O-01881,5/17/2025,C058,P012,W3,79,Ground,In Transit,,,,0
O-01882,6/15/2025,C039,P002,W1,17,Air,Pending,,,,0
O-01883,6/29/2025,C092,P015,W2,17,Freight,Delivered,7/4/2025,5,,0
O-01884,2/4/2025,C053,P001,W1,47,Ground,In Transit,,,,0
O-01885,6/28/2025,C100,P001,W2,41,Ground,In Transit,,,,0
O-01886,1/31/2025,C061,P005,W1,22,Ground,Pending,,,,0
O-01887,5/1/2025,C031,P012,W3,32,Ground,In Transit,,,,0
O-01888,3/31/2025,C020,P004,W1,65,Ground,Pending,,,,0
O-01889,5/17/2025,C095,P007,W3,42,Air,In Transit,,,,0
O-01890,1/16/2025,C070,P009,W2,71,Ground,Delivered,1/21/2025,5,,0
O-01891,2/6/2025,C015,P006,W2,38,Air,Pending,,,,0
O-01892,6/28/2025,C031,P008,W2,51,Air,In Transit,,,,0
O-01893,3/6/2025,C023,P008,W3,81,Air,Pending,,,,0
O-01894,5/6/2025,C007,P007,W2,60,Ground,In Transit,,,,0
O-01895,4/7/2025,C089,P014,W2,21,Air,Pending,,,,0
O-01896,4/17/2025,C005,P011,W3,73,Air,Delivered,4/23/2025,6,,0
O-01897,4/25/2025,C007,P012,W3,74,Freight,Delivered,4/29/2025,4,,0
O-01898,5/11/2025,C060,P013,W2,41,Ground,Delivered,5/18/2025,7,,0
O-01899,1/17/2025,C097,P012,W1,63,Freight,Pending,,,,0
O-01900,3/19/2025,C098,P009,W2,16,Ground,Pending,,,,0
O-01901,4/16/2025,C023,P007,W2,56,Ground,Delivered,4/20/2025,4,,0
O-01902,1/4/2025,C055,P011,W2,93,Air,In Transit,,,,0
O-01903,5/17/2025,C016,P006,W3,25,Ground,In Transit,,,,0
O-01904,1/24/2025,C012,P006,W1,53,Ground,In Transit,,,,0
O-01905,4/6/2025,C021,P011,W3,77,Air,In Transit,,,,0
O-01906,1/31/2025,C033,P003,W1,84,Ground,Pending,,,,0
O-01907,4/24/2025,C002,P001,W1,10,Freight,Delivered,4/28/2025,4,,0
O-01908,4/10/2025,C032,P015,W3,63,Air,Pending,,,,0
O-01909,2/10/2025,C031,P005,W2,55,Air,In Transit,,,,0
O-01910,3/28/2025,C004,P003,W2,6,Freight,Delivered,4/1/2025,4,,0
O-01911,2/24/2025,C030,P005,W3,18,Air,Delivered,2/26/2025,2,,0
O-01912,3/5/2025,C027,P014,W1,12,Ground,Pending,,,,0
O-01913,1/29/2025,C039,P002,W2,63,Ground,In Transit,,,,0
O-01914,6/12/2025,C080,P001,W3,18,Freight,Delivered,6/17/2025,5,,0
O-01915,1/10/2025,C023,P014,W2,38,Freight,Pending,,,,0
O-01916,5/22/2025,C023,P005,W3,29,Freight,In Transit,,,,0
O-01917,2/25/2025,C027,P015,W1,76,Freight,Delivered,3/1/2025,4,,0
O-01918,3/15/2025,C058,P011,W1,39,Freight,Delivered,3/19/2025,4,,0
O-01919,3/29/2025,C035,P010,W1,100,Ground,In Transit,,,,0
O-01920,3/18/2025,C096,P005,W1,71,Freight,Delivered,3/24/2025,6,,0
O-01921,5/14/2025,C073,P013,W2,87,Ground,In Transit,,,,0
O-01922,6/30/2025,C040,P012,W3,88,Freight,Pending,,,,0
O-01923,2/7/2025,C089,P015,W2,33,Air,In Transit,,,,0
O-01924,3/17/2025,C064,P006,W1,31,Air,Pending,,,,0
O-01925,2/27/2025,C012,P015,W3,53,Ground,Delivered,3/5/2025,6,,0
O-01926,3/25/2025,C043,P007,W3,44,Air,In Transit,,,,0
O-01927,1/18/2025,C079,P010,W2,52,Ground,Pending,,,,0
O-01928,2/28/2025,C056,P011,W3,57,Freight,Delivered,3/7/2025,7,,0
O-01929,3/27/2025,C063,P007,W1,39,Freight,In Transit,,,,0
O-01930,3/23/2025,C030,P011,W3,91,Air,Delivered,3/29/2025,6,,0
O-01931,4/2/2025,C048,P008,W2,81,Ground,Delivered,4/7/2025,5,,0
O-01932,5/10/2025,C073,P011,W3,90,Ground,In Transit,,,,0
O-01933,5/17/2025,C088,P006,W1,18,Ground,Delivered,5/23/2025,6,,0
O-01934,3/16/2025,C077,P001,W1,51,Ground,In Transit,,,,0
O-01935,6/7/2025,C035,P010,W2,65,Freight,Pending,,,,0
O-01936,5/27/2025,C071,P007,W3,12,Air,Pending,,,,0
O-01937,2/5/2025,C011,P015,W3,42,Ground,Delivered,2/10/2025,5,,0
O-01938,1/28/2025,C054,P006,W3,86,Air,In Transit,,,,0
O-01939,3/29/2025,C099,P009,W2,21,Ground,In Transit,,,,0
O-01940,6/2/2025,C078,P005,W1,38,Air,Pending,,,,0
O-01941,4/29/2025,C075,P001,W1,36,Ground,Delivered,5/2/2025,3,,0
O-01942,3/22/2025,C043,P012,W2,14,Air,In Transit,,,,0
O-01943,2/8/2025,C096,P005,W1,80,Air,In Transit,,,,0
O-01944,5/18/2025,C061,P008,W3,24,Ground,In Transit,,,,0
O-01945,6/6/2025,C057,P008,W1,93,Air,Delivered,6/12/2025,6,,0
O-01946,1/28/2025,C077,P012,W3,34,Ground,Delivered,2/3/2025,6,,0
O-01947,1/14/2025,C013,P005,W3,90,Freight,Delivered,1/18/2025,4,,0
O-01948,4/20/2025,C005,P015,W1,56,Freight,In Transit,,,,0
O-01949,3/21/2025,C042,P008,W3,96,Freight,In Transit,,,,0
O-01950,2/28/2025,C059,P008,W1,54,Ground,Pending,,,,0
O-01951,4/4/2025,C047,P003,W1,28,Ground,Pending,,,,0
O-01952,1/8/2025,C070,P015,W1,55,Freight,Pending,,,,0
O-01953,6/13/2025,C095,P001,W1,78,Ground,Pending,,,,0
O-01954,2/2/2025,C057,P014,W1,40,Freight,Pending,,,,0
O-01955,1/11/2025,C032,P003,W2,74,Ground,Delivered,1/16/2025,5,,0
O-01956,3/27/2025,C004,P005,W3,91,Freight,Delivered,3/30/2025,3,,0
O-01957,2/6/2025,C071,P001,W3,72,Freight,In Transit,,,,0
O-01958,5/15/2025,C078,P015,W2,70,Air,In Transit,,,,0
O-01959,3/1/2025,C048,P003,W3,81,Freight,Delivered,3/8/2025,7,,0
O-01960,5/15/2025,C002,P001,W2,58,Ground,Delivered,5/21/2025,6,,0
O-01961,1/6/2025,C093,P013,W3,17,Freight,In Transit,,,,0
O-01962,1/5/2025,C090,P014,W3,46,Air,In Transit,,,,0
O-01963,1/15/2025,C043,P010,W3,11,Freight,Delivered,1/18/2025,3,,0
O-01964,5/10/2025,C031,P013,W2,63,Air,Delivered,5/12/2025,2,,0
O-01965,1/12/2025,C092,P014,W2,6,Freight,Pending,,,,0
O-01966,5/17/2025,C031,P009,W2,35,Air,Delivered,5/21/2025,4,,0
O-01967,1/6/2025,C057,P015,W2,49,Ground,Pending,,,,0
O-01968,5/22/2025,C042,P007,W2,61,Freight,Delivered,5/27/2025,5,,0
O-01969,5/27/2025,C038,P006,W1,79,Ground,Delivered,6/1/2025,5,,0
O-01970,5/13/2025,C075,P005,W1,85,Freight,In Transit,,,,0
O-01971,5/21/2025,C026,P002,W3,64,Air,Delivered,5/23/2025,2,,0
O-01972,3/23/2025,C019,P004,W2,51,Freight,Delivered,3/28/2025,5,,0
O-01973,4/5/2025,C009,P001,W1,30,Freight,In Transit,,,,0
O-01974,5/29/2025,C040,P009,W2,29,Freight,Delivered,6/3/2025,5,,0
O-01975,5/31/2025,C084,P007,W1,68,Ground,In Transit,,,,0
O-01976,2/7/2025,C066,P011,W1,34,Air,Delivered,2/12/2025,5,,0
O-01977,4/3/2025,C017,P012,W2,73,Ground,Pending,,,,0
O-01978,3/6/2025,C006,P010,W3,1,Air,Pending,,,,0
O-01979,3/14/2025,C096,P002,W3,10,Ground,Delivered,3/19/2025,5,,0
O-01980,6/20/2025,C091,P002,W1,29,Ground,Delivered,6/25/2025,5,,0
O-01981,4/15/2025,C058,P012,W3,91,Air,In Transit,,,,0
O-01982,6/28/2025,C071,P006,W3,84,Freight,In Transit,,,,0
O-01983,5/8/2025,C060,P001,W3,42,Ground,Pending,,,,0
O-01984,2/10/2025,C010,P012,W1,70,Ground,Pending,,,,0
O-01985,2/2/2025,C035,P007,W2,91,Freight,Delivered,2/5/2025,3,,0
O-01986,5/19/2025,C092,P002,W1,72,Ground,In Transit,,,,0
O-01987,1/22/2025,C027,P013,W1,22,Ground,Pending,,,,0
O-01988,4/29/2025,C062,P006,W1,55,Freight,Delivered,5/1/2025,2,,0
O-01989,1/24/2025,C072,P005,W3,46,Freight,In Transit,,,,0
O-01990,2/4/2025,C090,P007,W1,31,Freight,Delivered,2/11/2025,7,,0
O-01991,3/10/2025,C015,P007,W3,22,Freight,Delivered,3/13/2025,3,,0
O-01992,5/19/2025,C065,P001,W2,90,Ground,In Transit,,,,0
O-01993,3/22/2025,C057,P014,W3,72,Air,Pending,,,,0
O-01994,2/22/2025,C052,P004,W2,63,Air,Pending,,,,0
O-01995,5/7/2025,C055,P007,W3,20,Air,In Transit,,,,0
O-01996,4/8/2025,C082,P001,W3,94,Ground,Pending,,,,0
O-01997,1/9/2025,C036,P011,W3,36,Air,Pending,,,,0
O-01998,5/2/2025,C082,P004,W1,75,Freight,In Transit,,,,0
O-01999,6/11/2025,C080,P008,W1,49,Air,Delivered,6/15/2025,4,,0
O-02000,5/14/2025,C044,P003,W1,39,Freight,Pending,,,,0
